<TICKER>;<PER>;<DATE>;<TIME>;<LAST>;<VOL>
GAZP;0;240508;095936;154.21;10
GAZP;0;240508;095936;154.21;10
GAZP;0;240508;095936;154.21;10
GAZP;0;240508;095936;154.21;40
GAZP;0;240508;095936;154.21;20
GAZP;0;240508;095936;154.21;80
GAZP;0;240508;095936;154.21;10
GAZP;0;240508;095936;154.21;60
GAZP;0;240508;095936;154.21;10
GAZP;0;240508;095936;154.21;20
GAZP;0;240508;095936;154.21;30
GAZP;0;240508;095936;154.21;30
GAZP;0;240508;095936;154.21;10
GAZP;0;240508;095936;154.21;10
GAZP;0;240508;095936;154.21;10
GAZP;0;240508;095936;154.21;350
GAZP;0;240508;095936;154.21;30
GAZP;0;240508;095936;154.21;50
GAZP;0;240508;095936;154.21;10
GAZP;0;240508;095936;154.21;10
GAZP;0;240508;095936;154.21;270
GAZP;0;240508;095936;154.21;350
GAZP;0;240508;095936;154.21;10
GAZP;0;240508;095936;154.21;70
GAZP;0;240508;095936;154.21;10
GAZP;0;240508;095936;154.21;140
GAZP;0;240508;095936;154.21;30
GAZP;0;240508;095936;154.21;120
GAZP;0;240508;095936;154.21;10
GAZP;0;240508;095936;154.21;60
GAZP;0;240508;095936;154.21;10
GAZP;0;240508;095936;154.21;10
GAZP;0;240508;095936;154.21;30
GAZP;0;240508;095936;154.21;580
GAZP;0;240508;095936;154.21;70
GAZP;0;240508;095936;154.21;20
GAZP;0;240508;095936;154.21;10
GAZP;0;240508;095936;154.21;20
GAZP;0;240508;095936;154.21;10
GAZP;0;240508;095936;154.21;10
GAZP;0;240508;095936;154.21;10
GAZP;0;240508;095936;154.21;10
GAZP;0;240508;095936;154.21;130
GAZP;0;240508;095936;154.21;10
GAZP;0;240508;095936;154.21;110
GAZP;0;240508;095936;154.21;30
GAZP;0;240508;095936;154.21;290
GAZP;0;240508;095936;154.21;10
GAZP;0;240508;095936;154.21;20
GAZP;0;240508;095936;154.21;300
GAZP;0;240508;095936;154.21;100
GAZP;0;240508;095936;154.21;60
GAZP;0;240508;095936;154.21;10
GAZP;0;240508;095936;154.21;60
GAZP;0;240508;095936;154.21;10
GAZP;0;240508;095936;154.21;10
GAZP;0;240508;095936;154.21;510
GAZP;0;240508;095936;154.21;20
GAZP;0;240508;095936;154.21;10
GAZP;0;240508;095936;154.21;10
GAZP;0;240508;095936;154.21;30
GAZP;0;240508;095936;154.21;100
GAZP;0;240508;095936;154.21;10
GAZP;0;240508;095936;154.21;20
GAZP;0;240508;095936;154.21;1460
GAZP;0;240508;095936;154.21;200
GAZP;0;240508;095936;154.21;30
GAZP;0;240508;095936;154.21;10
GAZP;0;240508;095936;154.21;10
GAZP;0;240508;095936;154.21;290
GAZP;0;240508;095936;154.21;10
GAZP;0;240508;095936;154.21;10
GAZP;0;240508;095936;154.21;10
GAZP;0;240508;095936;154.21;10
GAZP;0;240508;095936;154.21;10
GAZP;0;240508;095936;154.21;10
GAZP;0;240508;095936;154.21;10
GAZP;0;240508;095936;154.21;90
GAZP;0;240508;095936;154.21;20
GAZP;0;240508;095936;154.21;10
GAZP;0;240508;095936;154.21;10
GAZP;0;240508;095936;154.21;10
GAZP;0;240508;095936;154.21;10
GAZP;0;240508;095936;154.21;10
GAZP;0;240508;095936;154.21;40
GAZP;0;240508;095936;154.21;160
GAZP;0;240508;095936;154.21;60
GAZP;0;240508;095936;154.21;10
GAZP;0;240508;095936;154.21;10
GAZP;0;240508;095936;154.21;50
GAZP;0;240508;095936;154.21;130
GAZP;0;240508;095936;154.21;10
GAZP;0;240508;095936;154.21;10
GAZP;0;240508;095936;154.21;20
GAZP;0;240508;095936;154.21;200
GAZP;0;240508;095936;154.21;500
GAZP;0;240508;095936;154.21;500
GAZP;0;240508;095936;154.21;20
GAZP;0;240508;095936;154.21;200
GAZP;0;240508;100000;154.22;350
GAZP;0;240508;100000;154.23;650
GAZP;0;240508;100000;154.23;1000
GAZP;0;240508;100000;154.22;300
GAZP;0;240508;100000;154.22;90
GAZP;0;240508;100000;154.23;60
GAZP;0;240508;100000;154.24;140
GAZP;0;240508;100001;154.25;10
GAZP;0;240508;100001;154.25;90
GAZP;0;240508;100001;154.24;110
GAZP;0;240508;100001;154.24;390
GAZP;0;240508;100001;154.24;100
GAZP;0;240508;100002;154.25;50
GAZP;0;240508;100002;154.25;30
GAZP;0;240508;100002;154.25;20
GAZP;0;240508;100002;154.25;100
GAZP;0;240508;100002;154.25;100
GAZP;0;240508;100002;154.25;1480
GAZP;0;240508;100002;154.26;120
GAZP;0;240508;100003;154.3;500
GAZP;0;240508;100003;154.3;340
GAZP;0;240508;100003;154.3;300
GAZP;0;240508;100003;154.33;2040
GAZP;0;240508;100003;154.35;20
GAZP;0;240508;100003;154.39;30
GAZP;0;240508;100003;154.39;100
GAZP;0;240508;100003;154.39;2000
GAZP;0;240508;100003;154.39;50
GAZP;0;240508;100003;154.39;10
GAZP;0;240508;100003;154.39;400
GAZP;0;240508;100003;154.4;2860
GAZP;0;240508;100003;154.42;1350
GAZP;0;240508;100003;154.41;300
GAZP;0;240508;100003;154.41;300
GAZP;0;240508;100003;154.4;100
GAZP;0;240508;100003;154.4;100
GAZP;0;240508;100003;154.41;100
GAZP;0;240508;100003;154.41;100
GAZP;0;240508;100003;154.41;1240
GAZP;0;240508;100003;154.41;160
GAZP;0;240508;100003;154.41;100
GAZP;0;240508;100003;154.41;40
GAZP;0;240508;100003;154.41;60
GAZP;0;240508;100003;154.41;100
GAZP;0;240508;100003;154.41;100
GAZP;0;240508;100003;154.42;100
GAZP;0;240508;100003;154.42;100
GAZP;0;240508;100004;154.42;70
GAZP;0;240508;100004;154.4;20
GAZP;0;240508;100004;154.38;30
GAZP;0;240508;100004;154.42;470
GAZP;0;240508;100004;154.42;10
GAZP;0;240508;100004;154.36;240
GAZP;0;240508;100004;154.42;10
GAZP;0;240508;100004;154.42;100
GAZP;0;240508;100004;154.42;120
GAZP;0;240508;100005;154.42;50
GAZP;0;240508;100005;154.42;10
GAZP;0;240508;100005;154.36;230
GAZP;0;240508;100005;154.42;10
GAZP;0;240508;100005;154.42;100
GAZP;0;240508;100005;154.42;30
GAZP;0;240508;100005;154.43;10
GAZP;0;240508;100005;154.43;110
GAZP;0;240508;100005;154.43;10
GAZP;0;240508;100005;154.43;80
GAZP;0;240508;100005;154.43;10
GAZP;0;240508;100005;154.42;30
GAZP;0;240508;100005;154.42;10
GAZP;0;240508;100005;154.43;10
GAZP;0;240508;100005;154.42;40
GAZP;0;240508;100005;154.43;10
GAZP;0;240508;100005;154.43;10
GAZP;0;240508;100005;154.43;640
GAZP;0;240508;100005;154.43;10
GAZP;0;240508;100005;154.43;10
GAZP;0;240508;100005;154.42;20
GAZP;0;240508;100005;154.37;30
GAZP;0;240508;100005;154.43;10
GAZP;0;240508;100005;154.39;10
GAZP;0;240508;100005;154.35;60
GAZP;0;240508;100005;154.42;10
GAZP;0;240508;100005;154.42;10
GAZP;0;240508;100005;154.42;30
GAZP;0;240508;100005;154.42;10
GAZP;0;240508;100005;154.42;10
GAZP;0;240508;100005;154.42;230
GAZP;0;240508;100005;154.42;20
GAZP;0;240508;100005;154.43;10
GAZP;0;240508;100005;154.42;100
GAZP;0;240508;100006;154.42;100
GAZP;0;240508;100006;154.42;10
GAZP;0;240508;100006;154.42;20
GAZP;0;240508;100006;154.32;10
GAZP;0;240508;100006;154.43;80
GAZP;0;240508;100006;154.43;300
GAZP;0;240508;100006;154.44;70
GAZP;0;240508;100006;154.44;230
GAZP;0;240508;100006;154.44;220
GAZP;0;240508;100006;154.44;10
GAZP;0;240508;100006;154.44;10
GAZP;0;240508;100006;154.34;10
GAZP;0;240508;100006;154.44;10
GAZP;0;240508;100006;154.34;50
GAZP;0;240508;100006;154.44;10
GAZP;0;240508;100006;154.34;10
GAZP;0;240508;100006;154.44;40
GAZP;0;240508;100006;154.45;10
GAZP;0;240508;100006;154.45;40
GAZP;0;240508;100006;154.34;230
GAZP;0;240508;100006;154.33;210
GAZP;0;240508;100006;154.45;10
GAZP;0;240508;100006;154.33;10
GAZP;0;240508;100006;154.45;10
GAZP;0;240508;100006;154.33;10
GAZP;0;240508;100006;154.33;10
GAZP;0;240508;100006;154.44;10
GAZP;0;240508;100006;154.44;10
GAZP;0;240508;100006;154.44;10
GAZP;0;240508;100006;154.34;10
GAZP;0;240508;100006;154.44;100
GAZP;0;240508;100006;154.44;10
GAZP;0;240508;100006;154.37;10
GAZP;0;240508;100006;154.44;10
GAZP;0;240508;100006;154.37;20
GAZP;0;240508;100006;154.44;10
GAZP;0;240508;100006;154.44;270
GAZP;0;240508;100006;154.45;540
GAZP;0;240508;100006;154.45;160
GAZP;0;240508;100006;154.46;220
GAZP;0;240508;100006;154.44;10
GAZP;0;240508;100006;154.44;10
GAZP;0;240508;100006;154.37;10
GAZP;0;240508;100006;154.44;20
GAZP;0;240508;100006;154.44;10
GAZP;0;240508;100006;154.44;10
GAZP;0;240508;100006;154.44;10
GAZP;0;240508;100006;154.45;10
GAZP;0;240508;100006;154.37;30
GAZP;0;240508;100007;154.37;10
GAZP;0;240508;100007;154.45;10
GAZP;0;240508;100007;154.45;10
GAZP;0;240508;100007;154.37;220
GAZP;0;240508;100007;154.36;150
GAZP;0;240508;100007;154.35;1110
GAZP;0;240508;100007;154.44;100
GAZP;0;240508;100007;154.34;280
GAZP;0;240508;100007;154.44;10
GAZP;0;240508;100007;154.37;10
GAZP;0;240508;100007;154.45;10
GAZP;0;240508;100007;154.48;40
GAZP;0;240508;100007;154.47;10
GAZP;0;240508;100007;154.47;100
GAZP;0;240508;100007;154.47;10
GAZP;0;240508;100007;154.47;10
GAZP;0;240508;100007;154.33;40
GAZP;0;240508;100007;154.33;30
GAZP;0;240508;100007;154.47;10
GAZP;0;240508;100007;154.47;10
GAZP;0;240508;100007;154.31;10
GAZP;0;240508;100007;154.47;10
GAZP;0;240508;100007;154.47;10
GAZP;0;240508;100007;154.31;170
GAZP;0;240508;100008;154.47;10
GAZP;0;240508;100008;154.31;10
GAZP;0;240508;100008;154.47;10
GAZP;0;240508;100008;154.47;10
GAZP;0;240508;100008;154.47;10
GAZP;0;240508;100008;154.47;10
GAZP;0;240508;100008;154.31;60
GAZP;0;240508;100008;154.31;100
GAZP;0;240508;100008;154.47;10
GAZP;0;240508;100008;154.47;10
GAZP;0;240508;100008;154.47;10
GAZP;0;240508;100008;154.35;300
GAZP;0;240508;100008;154.35;700
GAZP;0;240508;100008;154.36;10
GAZP;0;240508;100008;154.47;10
GAZP;0;240508;100008;154.47;10
GAZP;0;240508;100008;154.36;10
GAZP;0;240508;100008;154.47;10
GAZP;0;240508;100008;154.47;10
GAZP;0;240508;100010;154.46;100
GAZP;0;240508;100010;154.39;300
GAZP;0;240508;100010;154.36;580
GAZP;0;240508;100010;154.36;520
GAZP;0;240508;100010;154.38;70
GAZP;0;240508;100010;154.47;30
GAZP;0;240508;100010;154.47;10
GAZP;0;240508;100011;154.47;100
GAZP;0;240508;100011;154.47;100
GAZP;0;240508;100011;154.47;10
GAZP;0;240508;100011;154.38;170
GAZP;0;240508;100011;154.47;100
GAZP;0;240508;100012;154.47;100
GAZP;0;240508;100012;154.37;300
GAZP;0;240508;100012;154.37;380
GAZP;0;240508;100012;154.36;1320
GAZP;0;240508;100012;154.47;10
GAZP;0;240508;100012;154.47;1000
GAZP;0;240508;100013;154.42;10
GAZP;0;240508;100013;154.47;90
GAZP;0;240508;100014;154.48;30
GAZP;0;240508;100016;154.47;100
GAZP;0;240508;100017;154.48;20
GAZP;0;240508;100017;154.48;10
GAZP;0;240508;100017;154.48;80
GAZP;0;240508;100018;154.48;70
GAZP;0;240508;100020;154.47;250
GAZP;0;240508;100020;154.4;10
GAZP;0;240508;100020;154.4;50
GAZP;0;240508;100021;154.47;100
GAZP;0;240508;100021;154.47;20
GAZP;0;240508;100021;154.47;20
GAZP;0;240508;100021;154.4;240
GAZP;0;240508;100021;154.39;30
GAZP;0;240508;100022;154.47;100
GAZP;0;240508;100022;154.47;60
GAZP;0;240508;100023;154.47;100
GAZP;0;240508;100023;154.46;10
GAZP;0;240508;100024;154.46;40
GAZP;0;240508;100024;154.47;40
GAZP;0;240508;100024;154.48;20
GAZP;0;240508;100024;154.47;100
GAZP;0;240508;100025;154.4;10
GAZP;0;240508;100025;154.4;100
GAZP;0;240508;100025;154.4;100
GAZP;0;240508;100025;154.4;90
GAZP;0;240508;100025;154.41;100
GAZP;0;240508;100025;154.47;10
GAZP;0;240508;100026;154.41;100
GAZP;0;240508;100026;154.41;300
GAZP;0;240508;100026;154.41;1000
GAZP;0;240508;100026;154.41;1000
GAZP;0;240508;100026;154.41;100
GAZP;0;240508;100026;154.47;100
GAZP;0;240508;100026;154.47;100
GAZP;0;240508;100026;154.47;1830
GAZP;0;240508;100026;154.48;30
GAZP;0;240508;100026;154.48;10
GAZP;0;240508;100026;154.48;500
GAZP;0;240508;100026;154.48;10
GAZP;0;240508;100026;154.48;1450
GAZP;0;240508;100026;154.49;10
GAZP;0;240508;100026;154.49;160
GAZP;0;240508;100026;154.49;100
GAZP;0;240508;100026;154.49;100
GAZP;0;240508;100026;154.49;100
GAZP;0;240508;100026;154.49;100
GAZP;0;240508;100026;154.49;100
GAZP;0;240508;100026;154.49;100
GAZP;0;240508;100026;154.48;100
GAZP;0;240508;100026;154.48;300
GAZP;0;240508;100026;154.48;100
GAZP;0;240508;100026;154.49;100
GAZP;0;240508;100026;154.49;100
GAZP;0;240508;100026;154.49;40
GAZP;0;240508;100026;154.49;10
GAZP;0;240508;100026;154.49;10
GAZP;0;240508;100026;154.49;40
GAZP;0;240508;100026;154.49;100
GAZP;0;240508;100026;154.49;100
GAZP;0;240508;100026;154.49;100
GAZP;0;240508;100026;154.49;100
GAZP;0;240508;100026;154.5;70
GAZP;0;240508;100026;154.5;10
GAZP;0;240508;100026;154.5;10
GAZP;0;240508;100026;154.5;10
GAZP;0;240508;100026;154.5;100
GAZP;0;240508;100026;154.5;100
GAZP;0;240508;100026;154.5;90
GAZP;0;240508;100026;154.5;10
GAZP;0;240508;100026;154.5;20
GAZP;0;240508;100026;154.5;10
GAZP;0;240508;100026;154.5;10
GAZP;0;240508;100026;154.5;60
GAZP;0;240508;100026;154.5;100
GAZP;0;240508;100026;154.48;300
GAZP;0;240508;100026;154.5;100
GAZP;0;240508;100026;154.5;100
GAZP;0;240508;100026;154.48;100
GAZP;0;240508;100026;154.48;300
GAZP;0;240508;100026;154.48;300
GAZP;0;240508;100027;154.48;10
GAZP;0;240508;100027;154.48;30
GAZP;0;240508;100027;154.47;10
GAZP;0;240508;100027;154.47;10
GAZP;0;240508;100027;154.48;40
GAZP;0;240508;100029;154.48;50
GAZP;0;240508;100030;154.47;20
GAZP;0;240508;100030;154.47;60
GAZP;0;240508;100030;154.47;60
GAZP;0;240508;100030;154.48;200
GAZP;0;240508;100031;154.48;200
GAZP;0;240508;100031;154.48;1290
GAZP;0;240508;100035;154.48;200
GAZP;0;240508;100035;154.48;10
GAZP;0;240508;100035;154.47;10
GAZP;0;240508;100035;154.47;30
GAZP;0;240508;100035;154.47;10
GAZP;0;240508;100035;154.47;10
GAZP;0;240508;100036;154.47;1360
GAZP;0;240508;100037;154.46;10
GAZP;0;240508;100037;154.45;30
GAZP;0;240508;100039;154.45;10
GAZP;0;240508;100039;154.46;10
GAZP;0;240508;100039;154.46;10
GAZP;0;240508;100039;154.46;10
GAZP;0;240508;100039;154.45;460
GAZP;0;240508;100039;154.45;100
GAZP;0;240508;100039;154.46;100
GAZP;0;240508;100039;154.46;100
GAZP;0;240508;100039;154.45;10
GAZP;0;240508;100040;154.45;290
GAZP;0;240508;100041;154.45;10
GAZP;0;240508;100041;154.45;290
GAZP;0;240508;100041;154.46;10
GAZP;0;240508;100041;154.45;20
GAZP;0;240508;100042;154.41;60
GAZP;0;240508;100043;154.41;40
GAZP;0;240508;100043;154.41;30
GAZP;0;240508;100043;154.45;10
GAZP;0;240508;100044;154.45;10
GAZP;0;240508;100044;154.45;10
GAZP;0;240508;100045;154.45;100
GAZP;0;240508;100045;154.45;90
GAZP;0;240508;100045;154.45;10
GAZP;0;240508;100048;154.45;10
GAZP;0;240508;100048;154.45;10
GAZP;0;240508;100050;154.41;70
GAZP;0;240508;100050;154.4;100
GAZP;0;240508;100050;154.4;2830
GAZP;0;240508;100051;154.4;1060
GAZP;0;240508;100051;154.4;30
GAZP;0;240508;100052;154.44;20
GAZP;0;240508;100053;154.44;40
GAZP;0;240508;100054;154.4;20
GAZP;0;240508;100055;154.44;690
GAZP;0;240508;100056;154.41;10
GAZP;0;240508;100056;154.4;70
GAZP;0;240508;100057;154.4;990
GAZP;0;240508;100057;154.4;1000
GAZP;0;240508;100057;154.39;300
GAZP;0;240508;100057;154.38;10
GAZP;0;240508;100057;154.38;2030
GAZP;0;240508;100057;154.35;250
GAZP;0;240508;100057;154.34;250
GAZP;0;240508;100057;154.34;1000
GAZP;0;240508;100057;154.34;1950
GAZP;0;240508;100057;154.34;2000
GAZP;0;240508;100057;154.33;220
GAZP;0;240508;100057;154.33;10
GAZP;0;240508;100059;154.43;300
GAZP;0;240508;100059;154.44;700
GAZP;0;240508;100059;154.35;110
GAZP;0;240508;100059;154.43;10
GAZP;0;240508;100100;154.43;100
GAZP;0;240508;100101;154.43;100
GAZP;0;240508;100101;154.43;90
GAZP;0;240508;100101;154.44;100
GAZP;0;240508;100101;154.44;100
GAZP;0;240508;100102;154.44;100
GAZP;0;240508;100103;154.44;140
GAZP;0;240508;100103;154.44;520
GAZP;0;240508;100103;154.44;300
GAZP;0;240508;100103;154.44;190
GAZP;0;240508;100103;154.45;170
GAZP;0;240508;100103;154.44;10
GAZP;0;240508;100103;154.43;100
GAZP;0;240508;100103;154.38;10
GAZP;0;240508;100103;154.37;190
GAZP;0;240508;100103;154.37;300
GAZP;0;240508;100103;154.36;10
GAZP;0;240508;100103;154.34;630
GAZP;0;240508;100103;154.34;250
GAZP;0;240508;100103;154.33;20
GAZP;0;240508;100103;154.33;2030
GAZP;0;240508;100103;154.33;6520
GAZP;0;240508;100103;154.32;250
GAZP;0;240508;100103;154.31;250
GAZP;0;240508;100103;154.31;1000
GAZP;0;240508;100103;154.3;1000
GAZP;0;240508;100103;154.3;250
GAZP;0;240508;100103;154.3;10
GAZP;0;240508;100103;154.3;2000
GAZP;0;240508;100103;154.29;10
GAZP;0;240508;100103;154.29;1000
GAZP;0;240508;100103;154.29;250
GAZP;0;240508;100103;154.28;430
GAZP;0;240508;100104;154.39;90
GAZP;0;240508;100104;154.32;20
GAZP;0;240508;100104;154.4;10
GAZP;0;240508;100105;154.4;290
GAZP;0;240508;100105;154.41;30
GAZP;0;240508;100107;154.36;10
GAZP;0;240508;100108;154.36;20
GAZP;0;240508;100108;154.36;10
GAZP;0;240508;100108;154.36;100
GAZP;0;240508;100111;154.36;10
GAZP;0;240508;100111;154.37;100
GAZP;0;240508;100115;154.36;10
GAZP;0;240508;100117;154.37;20
GAZP;0;240508;100119;154.36;40
GAZP;0;240508;100119;154.36;100
GAZP;0;240508;100119;154.33;130
GAZP;0;240508;100119;154.33;180
GAZP;0;240508;100119;154.32;20
GAZP;0;240508;100119;154.31;90
GAZP;0;240508;100119;154.3;300
GAZP;0;240508;100119;154.3;110
GAZP;0;240508;100119;154.29;2040
GAZP;0;240508;100119;154.27;30
GAZP;0;240508;100119;154.26;1000
GAZP;0;240508;100119;154.26;250
GAZP;0;240508;100119;154.26;2000
GAZP;0;240508;100119;154.25;1000
GAZP;0;240508;100119;154.25;250
GAZP;0;240508;100119;154.25;500
GAZP;0;240508;100119;154.25;140
GAZP;0;240508;100119;154.24;120
GAZP;0;240508;100119;154.24;1000
GAZP;0;240508;100119;154.24;250
GAZP;0;240508;100119;154.24;450
GAZP;0;240508;100119;154.31;70
GAZP;0;240508;100119;154.31;20
GAZP;0;240508;100120;154.28;20
GAZP;0;240508;100122;154.26;50
GAZP;0;240508;100122;154.25;150
GAZP;0;240508;100124;154.29;10
GAZP;0;240508;100127;154.29;100
GAZP;0;240508;100127;154.29;100
GAZP;0;240508;100128;154.3;140
GAZP;0;240508;100129;154.3;10
GAZP;0;240508;100129;154.29;100
GAZP;0;240508;100129;154.28;50
GAZP;0;240508;100129;154.27;170
GAZP;0;240508;100129;154.27;300
GAZP;0;240508;100129;154.25;40
GAZP;0;240508;100133;154.29;20
GAZP;0;240508;100135;154.29;10
GAZP;0;240508;100139;154.27;10
GAZP;0;240508;100140;154.27;100
GAZP;0;240508;100140;154.27;150
GAZP;0;240508;100140;154.28;60
GAZP;0;240508;100142;154.25;10
GAZP;0;240508;100142;154.24;40
GAZP;0;240508;100142;154.23;20
GAZP;0;240508;100142;154.23;20
GAZP;0;240508;100142;154.22;170
GAZP;0;240508;100142;154.22;300
GAZP;0;240508;100142;154.21;80
GAZP;0;240508;100142;154.21;500
GAZP;0;240508;100142;154.21;10
GAZP;0;240508;100142;154.21;10
GAZP;0;240508;100142;154.21;840
GAZP;0;240508;100144;154.24;10
GAZP;0;240508;100146;154.24;10
GAZP;0;240508;100149;154.24;10
GAZP;0;240508;100149;154.24;10
GAZP;0;240508;100150;154.24;10
GAZP;0;240508;100150;154.24;20
GAZP;0;240508;100154;154.26;20
GAZP;0;240508;100155;154.26;10
GAZP;0;240508;100155;154.26;20
GAZP;0;240508;100157;154.26;100
GAZP;0;240508;100202;154.25;40
GAZP;0;240508;100203;154.26;100
GAZP;0;240508;100204;154.26;30
GAZP;0;240508;100205;154.26;60
GAZP;0;240508;100206;154.25;50
GAZP;0;240508;100207;154.26;10
GAZP;0;240508;100209;154.26;10
GAZP;0;240508;100210;154.25;30
GAZP;0;240508;100210;154.26;420
GAZP;0;240508;100210;154.26;10
GAZP;0;240508;100211;154.25;490
GAZP;0;240508;100211;154.26;10
GAZP;0;240508;100212;154.25;200
GAZP;0;240508;100213;154.26;100
GAZP;0;240508;100214;154.26;100
GAZP;0;240508;100214;154.26;20
GAZP;0;240508;100215;154.26;20
GAZP;0;240508;100215;154.26;100
GAZP;0;240508;100215;154.25;1190
GAZP;0;240508;100215;154.25;30
GAZP;0;240508;100215;154.25;10
GAZP;0;240508;100215;154.25;190
GAZP;0;240508;100215;154.25;8580
GAZP;0;240508;100216;154.26;10
GAZP;0;240508;100218;154.26;250
GAZP;0;240508;100218;154.26;300
GAZP;0;240508;100218;154.26;10
GAZP;0;240508;100218;154.26;300
GAZP;0;240508;100218;154.26;300
GAZP;0;240508;100218;154.26;300
GAZP;0;240508;100218;154.26;300
GAZP;0;240508;100218;154.26;300
GAZP;0;240508;100218;154.26;300
GAZP;0;240508;100218;154.25;30
GAZP;0;240508;100219;154.26;10
GAZP;0;240508;100219;154.26;300
GAZP;0;240508;100219;154.26;300
GAZP;0;240508;100220;154.26;590
GAZP;0;240508;100220;154.27;10
GAZP;0;240508;100221;154.27;190
GAZP;0;240508;100221;154.27;200
GAZP;0;240508;100221;154.26;1000
GAZP;0;240508;100221;154.26;330
GAZP;0;240508;100222;154.28;10
GAZP;0;240508;100224;154.27;10
GAZP;0;240508;100225;154.27;40
GAZP;0;240508;100225;154.26;70
GAZP;0;240508;100227;154.26;10
GAZP;0;240508;100227;154.26;390
GAZP;0;240508;100227;154.26;10
GAZP;0;240508;100227;154.25;1900
GAZP;0;240508;100229;154.27;150
GAZP;0;240508;100229;154.28;50
GAZP;0;240508;100230;154.28;30
GAZP;0;240508;100230;154.29;210
GAZP;0;240508;100230;154.29;150
GAZP;0;240508;100230;154.29;300
GAZP;0;240508;100230;154.3;100
GAZP;0;240508;100230;154.3;100
GAZP;0;240508;100230;154.3;460
GAZP;0;240508;100230;154.33;20
GAZP;0;240508;100230;154.33;80
GAZP;0;240508;100230;154.32;100
GAZP;0;240508;100230;154.32;200
GAZP;0;240508;100231;154.3;100
GAZP;0;240508;100231;154.3;100
GAZP;0;240508;100236;154.29;10
GAZP;0;240508;100241;154.3;10
GAZP;0;240508;100241;154.3;90
GAZP;0;240508;100241;154.31;60
GAZP;0;240508;100242;154.26;10
GAZP;0;240508;100242;154.26;40
GAZP;0;240508;100244;154.3;30
GAZP;0;240508;100246;154.3;30
GAZP;0;240508;100246;154.3;250
GAZP;0;240508;100246;154.31;720
GAZP;0;240508;100247;154.31;100
GAZP;0;240508;100247;154.31;900
GAZP;0;240508;100248;154.32;10
GAZP;0;240508;100248;154.32;140
GAZP;0;240508;100248;154.33;100
GAZP;0;240508;100248;154.33;100
GAZP;0;240508;100248;154.33;20
GAZP;0;240508;100248;154.34;70
GAZP;0;240508;100248;154.34;790
GAZP;0;240508;100249;154.34;740
GAZP;0;240508;100250;154.34;100
GAZP;0;240508;100250;154.33;50
GAZP;0;240508;100253;154.33;30
GAZP;0;240508;100253;154.31;140
GAZP;0;240508;100253;154.31;10
GAZP;0;240508;100253;154.31;10
GAZP;0;240508;100255;154.3;20
GAZP;0;240508;100257;154.3;20
GAZP;0;240508;100258;154.32;100
GAZP;0;240508;100300;154.29;290
GAZP;0;240508;100302;154.31;200
GAZP;0;240508;100302;154.3;140
GAZP;0;240508;100303;154.3;10
GAZP;0;240508;100304;154.3;30
GAZP;0;240508;100305;154.3;60
GAZP;0;240508;100306;154.3;10
GAZP;0;240508;100306;154.3;10
GAZP;0;240508;100312;154.3;40
GAZP;0;240508;100312;154.31;50
GAZP;0;240508;100313;154.32;50
GAZP;0;240508;100315;154.33;240
GAZP;0;240508;100316;154.3;2000
GAZP;0;240508;100316;154.3;140
GAZP;0;240508;100316;154.29;710
GAZP;0;240508;100316;154.29;300
GAZP;0;240508;100316;154.29;20
GAZP;0;240508;100316;154.29;10
GAZP;0;240508;100316;154.28;10
GAZP;0;240508;100316;154.28;2000
GAZP;0;240508;100316;154.27;20
GAZP;0;240508;100316;154.27;2000
GAZP;0;240508;100316;154.26;360
GAZP;0;240508;100316;154.26;2430
GAZP;0;240508;100318;154.3;60
GAZP;0;240508;100319;154.3;10
GAZP;0;240508;100319;154.3;30
GAZP;0;240508;100321;154.3;100
GAZP;0;240508;100322;154.3;10
GAZP;0;240508;100323;154.3;10
GAZP;0;240508;100323;154.29;500
GAZP;0;240508;100323;154.3;100
GAZP;0;240508;100323;154.3;80
GAZP;0;240508;100323;154.29;10
GAZP;0;240508;100324;154.3;30
GAZP;0;240508;100325;154.29;60
GAZP;0;240508;100326;154.29;50
GAZP;0;240508;100326;154.27;140
GAZP;0;240508;100326;154.26;1310
GAZP;0;240508;100326;154.29;20
GAZP;0;240508;100326;154.31;20
GAZP;0;240508;100328;154.31;100
GAZP;0;240508;100328;154.29;100
GAZP;0;240508;100328;154.29;100
GAZP;0;240508;100329;154.29;150
GAZP;0;240508;100329;154.29;20
GAZP;0;240508;100330;154.29;10
GAZP;0;240508;100331;154.29;100
GAZP;0;240508;100331;154.29;30
GAZP;0;240508;100332;154.29;10
GAZP;0;240508;100332;154.29;100
GAZP;0;240508;100334;154.3;10
GAZP;0;240508;100334;154.29;10
GAZP;0;240508;100337;154.29;10
GAZP;0;240508;100337;154.29;20
GAZP;0;240508;100339;154.29;10
GAZP;0;240508;100339;154.29;10
GAZP;0;240508;100339;154.29;10
GAZP;0;240508;100341;154.29;10
GAZP;0;240508;100342;154.29;100
GAZP;0;240508;100343;154.29;40
GAZP;0;240508;100344;154.3;10
GAZP;0;240508;100347;154.3;10
GAZP;0;240508;100348;154.3;100
GAZP;0;240508;100349;154.3;650
GAZP;0;240508;100349;154.3;20
GAZP;0;240508;100350;154.29;10
GAZP;0;240508;100350;154.27;90
GAZP;0;240508;100350;154.29;150
GAZP;0;240508;100350;154.3;10
GAZP;0;240508;100351;154.3;20
GAZP;0;240508;100356;154.3;10
GAZP;0;240508;100400;154.3;70
GAZP;0;240508;100400;154.3;30
GAZP;0;240508;100401;154.29;200
GAZP;0;240508;100402;154.3;470
GAZP;0;240508;100402;154.3;30
GAZP;0;240508;100404;154.3;100
GAZP;0;240508;100408;154.3;100
GAZP;0;240508;100410;154.3;20
GAZP;0;240508;100410;154.3;20
GAZP;0;240508;100410;154.31;90
GAZP;0;240508;100416;154.3;30
GAZP;0;240508;100416;154.3;10
GAZP;0;240508;100416;154.29;320
GAZP;0;240508;100416;154.29;10
GAZP;0;240508;100416;154.29;30
GAZP;0;240508;100416;154.27;150
GAZP;0;240508;100416;154.27;300
GAZP;0;240508;100416;154.26;150
GAZP;0;240508;100417;154.27;20
GAZP;0;240508;100418;154.27;280
GAZP;0;240508;100418;154.27;20
GAZP;0;240508;100419;154.3;60
GAZP;0;240508;100419;154.26;10
GAZP;0;240508;100422;154.3;50
GAZP;0;240508;100423;154.3;20
GAZP;0;240508;100427;154.3;10
GAZP;0;240508;100430;154.27;10
GAZP;0;240508;100430;154.27;150
GAZP;0;240508;100430;154.26;1100
GAZP;0;240508;100430;154.26;10
GAZP;0;240508;100430;154.26;2850
GAZP;0;240508;100431;154.29;80
GAZP;0;240508;100431;154.29;160
GAZP;0;240508;100432;154.26;10
GAZP;0;240508;100433;154.29;10
GAZP;0;240508;100434;154.29;50
GAZP;0;240508;100434;154.29;20
GAZP;0;240508;100434;154.28;200
GAZP;0;240508;100435;154.28;100
GAZP;0;240508;100435;154.28;20
GAZP;0;240508;100436;154.28;100
GAZP;0;240508;100438;154.28;10
GAZP;0;240508;100439;154.28;100
GAZP;0;240508;100439;154.26;20
GAZP;0;240508;100442;154.26;80
GAZP;0;240508;100442;154.28;20
GAZP;0;240508;100442;154.29;20
GAZP;0;240508;100442;154.29;10
GAZP;0;240508;100444;154.29;10
GAZP;0;240508;100444;154.29;20
GAZP;0;240508;100445;154.3;1000
GAZP;0;240508;100448;154.3;10
GAZP;0;240508;100449;154.3;10
GAZP;0;240508;100452;154.3;900
GAZP;0;240508;100452;154.31;100
GAZP;0;240508;100452;154.31;20
GAZP;0;240508;100452;154.31;290
GAZP;0;240508;100454;154.31;20
GAZP;0;240508;100454;154.31;10
GAZP;0;240508;100456;154.31;10
GAZP;0;240508;100456;154.31;10
GAZP;0;240508;100458;154.31;10
GAZP;0;240508;100459;154.31;20
GAZP;0;240508;100459;154.31;30
GAZP;0;240508;100459;154.31;20
GAZP;0;240508;100459;154.31;20
GAZP;0;240508;100502;154.31;100
GAZP;0;240508;100504;154.31;90
GAZP;0;240508;100504;154.32;210
GAZP;0;240508;100504;154.32;10
GAZP;0;240508;100504;154.32;10
GAZP;0;240508;100505;154.32;100
GAZP;0;240508;100506;154.31;10
GAZP;0;240508;100508;154.31;30
GAZP;0;240508;100509;154.32;10
GAZP;0;240508;100509;154.32;10
GAZP;0;240508;100510;154.32;10
GAZP;0;240508;100511;154.32;100
GAZP;0;240508;100513;154.32;450
GAZP;0;240508;100513;154.32;450
GAZP;0;240508;100513;154.32;100
GAZP;0;240508;100513;154.32;100
GAZP;0;240508;100514;154.32;50
GAZP;0;240508;100514;154.32;100
GAZP;0;240508;100515;154.32;100
GAZP;0;240508;100515;154.32;100
GAZP;0;240508;100515;154.32;100
GAZP;0;240508;100516;154.32;100
GAZP;0;240508;100516;154.32;300
GAZP;0;240508;100517;154.32;100
GAZP;0;240508;100517;154.32;100
GAZP;0;240508;100517;154.32;100
GAZP;0;240508;100517;154.32;30
GAZP;0;240508;100517;154.32;10
GAZP;0;240508;100518;154.32;100
GAZP;0;240508;100518;154.32;100
GAZP;0;240508;100518;154.32;100
GAZP;0;240508;100518;154.31;1000
GAZP;0;240508;100519;154.32;100
GAZP;0;240508;100519;154.32;20
GAZP;0;240508;100519;154.32;20
GAZP;0;240508;100520;154.32;10
GAZP;0;240508;100520;154.32;100
GAZP;0;240508;100522;154.32;100
GAZP;0;240508;100523;154.32;100
GAZP;0;240508;100524;154.32;320
GAZP;0;240508;100524;154.32;500
GAZP;0;240508;100524;154.32;100
GAZP;0;240508;100524;154.32;10
GAZP;0;240508;100524;154.32;10
GAZP;0;240508;100524;154.31;10
GAZP;0;240508;100524;154.31;20
GAZP;0;240508;100524;154.31;20
GAZP;0;240508;100526;154.32;100
GAZP;0;240508;100526;154.32;10
GAZP;0;240508;100526;154.32;150
GAZP;0;240508;100526;154.31;10
GAZP;0;240508;100527;154.32;100
GAZP;0;240508;100528;154.32;30
GAZP;0;240508;100529;154.32;190
GAZP;0;240508;100529;154.33;10
GAZP;0;240508;100529;154.32;10
GAZP;0;240508;100529;154.3;60
GAZP;0;240508;100529;154.3;20
GAZP;0;240508;100529;154.3;150
GAZP;0;240508;100529;154.29;10
GAZP;0;240508;100529;154.29;850
GAZP;0;240508;100529;154.33;10
GAZP;0;240508;100529;154.33;90
GAZP;0;240508;100529;154.33;10
GAZP;0;240508;100531;154.33;100
GAZP;0;240508;100531;154.33;100
GAZP;0;240508;100532;154.31;10
GAZP;0;240508;100533;154.31;100
GAZP;0;240508;100534;154.3;450
GAZP;0;240508;100534;154.3;150
GAZP;0;240508;100534;154.3;10
GAZP;0;240508;100534;154.3;10
GAZP;0;240508;100535;154.3;100
GAZP;0;240508;100535;154.29;1170
GAZP;0;240508;100535;154.28;1020
GAZP;0;240508;100535;154.3;10
GAZP;0;240508;100536;154.31;30
GAZP;0;240508;100536;154.31;100
GAZP;0;240508;100536;154.31;960
GAZP;0;240508;100536;154.31;520
GAZP;0;240508;100536;154.32;150
GAZP;0;240508;100536;154.32;300
GAZP;0;240508;100537;154.34;1000
GAZP;0;240508;100537;154.34;300
GAZP;0;240508;100538;154.34;70
GAZP;0;240508;100538;154.34;30
GAZP;0;240508;100539;154.34;20
GAZP;0;240508;100539;154.34;20
GAZP;0;240508;100540;154.34;100
GAZP;0;240508;100541;154.34;90
GAZP;0;240508;100541;154.34;100
GAZP;0;240508;100542;154.34;100
GAZP;0;240508;100542;154.34;800
GAZP;0;240508;100544;154.34;10
GAZP;0;240508;100544;154.34;90
GAZP;0;240508;100544;154.34;10
GAZP;0;240508;100544;154.34;10
GAZP;0;240508;100545;154.33;10
GAZP;0;240508;100545;154.33;1160
GAZP;0;240508;100545;154.33;160
GAZP;0;240508;100545;154.33;750
GAZP;0;240508;100546;154.34;10
GAZP;0;240508;100551;154.34;100
GAZP;0;240508;100551;154.33;400
GAZP;0;240508;100552;154.34;10
GAZP;0;240508;100555;154.34;60
GAZP;0;240508;100555;154.34;10
GAZP;0;240508;100555;154.34;10
GAZP;0;240508;100556;154.34;30
GAZP;0;240508;100557;154.33;170
GAZP;0;240508;100557;154.33;830
GAZP;0;240508;100601;154.34;10
GAZP;0;240508;100601;154.34;10
GAZP;0;240508;100602;154.34;10
GAZP;0;240508;100604;154.34;70
GAZP;0;240508;100606;154.34;350
GAZP;0;240508;100607;154.34;20
GAZP;0;240508;100607;154.34;700
GAZP;0;240508;100611;154.34;10
GAZP;0;240508;100616;154.34;10
GAZP;0;240508;100616;154.34;470
GAZP;0;240508;100616;154.34;100
GAZP;0;240508;100617;154.34;320
GAZP;0;240508;100617;154.34;10
GAZP;0;240508;100618;154.34;100
GAZP;0;240508;100619;154.34;370
GAZP;0;240508;100620;154.34;200
GAZP;0;240508;100621;154.33;10
GAZP;0;240508;100621;154.33;10
GAZP;0;240508;100622;154.34;1750
GAZP;0;240508;100625;154.33;1000
GAZP;0;240508;100625;154.33;800
GAZP;0;240508;100625;154.33;200
GAZP;0;240508;100627;154.34;30
GAZP;0;240508;100629;154.34;170
GAZP;0;240508;100629;154.34;3260
GAZP;0;240508;100629;154.34;20
GAZP;0;240508;100629;154.34;2300
GAZP;0;240508;100630;154.35;30
GAZP;0;240508;100632;154.34;10
GAZP;0;240508;100634;154.35;9310
GAZP;0;240508;100634;154.35;100
GAZP;0;240508;100634;154.35;160
GAZP;0;240508;100634;154.35;50
GAZP;0;240508;100634;154.36;100
GAZP;0;240508;100634;154.37;680
GAZP;0;240508;100634;154.38;20
GAZP;0;240508;100634;154.4;500
GAZP;0;240508;100634;154.4;10
GAZP;0;240508;100634;154.4;100
GAZP;0;240508;100634;154.4;40
GAZP;0;240508;100634;154.4;300
GAZP;0;240508;100634;154.4;1410
GAZP;0;240508;100634;154.41;40
GAZP;0;240508;100634;154.41;20
GAZP;0;240508;100634;154.41;940
GAZP;0;240508;100634;154.4;100
GAZP;0;240508;100634;154.4;100
GAZP;0;240508;100634;154.4;100
GAZP;0;240508;100634;154.4;100
GAZP;0;240508;100634;154.4;1000
GAZP;0;240508;100634;154.4;800
GAZP;0;240508;100634;154.39;200
GAZP;0;240508;100634;154.38;100
GAZP;0;240508;100635;154.41;100
GAZP;0;240508;100635;154.41;900
GAZP;0;240508;100635;154.41;500
GAZP;0;240508;100635;154.42;100
GAZP;0;240508;100635;154.42;680
GAZP;0;240508;100635;154.43;20
GAZP;0;240508;100635;154.43;200
GAZP;0;240508;100635;154.43;600
GAZP;0;240508;100636;154.43;100
GAZP;0;240508;100640;154.43;100
GAZP;0;240508;100641;154.43;100
GAZP;0;240508;100642;154.44;50
GAZP;0;240508;100642;154.44;20
GAZP;0;240508;100644;154.44;30
GAZP;0;240508;100644;154.44;10
GAZP;0;240508;100645;154.44;10
GAZP;0;240508;100647;154.44;500
GAZP;0;240508;100648;154.44;10
GAZP;0;240508;100649;154.44;10
GAZP;0;240508;100650;154.44;210
GAZP;0;240508;100650;154.43;260
GAZP;0;240508;100651;154.44;100
GAZP;0;240508;100653;154.43;10
GAZP;0;240508;100653;154.44;10
GAZP;0;240508;100654;154.44;60
GAZP;0;240508;100654;154.44;20
GAZP;0;240508;100655;154.44;10
GAZP;0;240508;100656;154.44;40
GAZP;0;240508;100656;154.44;30
GAZP;0;240508;100658;154.44;350
GAZP;0;240508;100659;154.44;10
GAZP;0;240508;100701;154.44;250
GAZP;0;240508;100703;154.43;300
GAZP;0;240508;100703;154.43;100
GAZP;0;240508;100704;154.43;10
GAZP;0;240508;100705;154.43;90
GAZP;0;240508;100709;154.43;500
GAZP;0;240508;100709;154.43;180
GAZP;0;240508;100709;154.43;100
GAZP;0;240508;100709;154.43;220
GAZP;0;240508;100709;154.42;20
GAZP;0;240508;100709;154.42;10
GAZP;0;240508;100710;154.42;30
GAZP;0;240508;100710;154.41;40
GAZP;0;240508;100711;154.42;10
GAZP;0;240508;100712;154.42;50
GAZP;0;240508;100712;154.41;10
GAZP;0;240508;100712;154.41;30
GAZP;0;240508;100712;154.4;100
GAZP;0;240508;100712;154.4;110
GAZP;0;240508;100712;154.41;200
GAZP;0;240508;100713;154.41;10
GAZP;0;240508;100714;154.41;30
GAZP;0;240508;100714;154.41;10
GAZP;0;240508;100714;154.41;10
GAZP;0;240508;100716;154.41;10
GAZP;0;240508;100717;154.41;10
GAZP;0;240508;100717;154.41;210
GAZP;0;240508;100717;154.41;590
GAZP;0;240508;100718;154.4;100
GAZP;0;240508;100719;154.42;10
GAZP;0;240508;100719;154.42;10
GAZP;0;240508;100720;154.43;90
GAZP;0;240508;100720;154.44;100
GAZP;0;240508;100721;154.43;40
GAZP;0;240508;100723;154.44;90
GAZP;0;240508;100723;154.44;10
GAZP;0;240508;100723;154.44;20
GAZP;0;240508;100723;154.44;20
GAZP;0;240508;100724;154.44;10
GAZP;0;240508;100724;154.44;10
GAZP;0;240508;100726;154.43;100
GAZP;0;240508;100726;154.43;900
GAZP;0;240508;100726;154.44;170
GAZP;0;240508;100728;154.44;1000
GAZP;0;240508;100729;154.44;10
GAZP;0;240508;100729;154.44;10
GAZP;0;240508;100730;154.44;20
GAZP;0;240508;100731;154.44;1850
GAZP;0;240508;100731;154.44;170
GAZP;0;240508;100731;154.44;100
GAZP;0;240508;100731;154.44;100
GAZP;0;240508;100731;154.44;1000
GAZP;0;240508;100731;154.44;220
GAZP;0;240508;100731;154.45;36560
GAZP;0;240508;100731;154.45;100
GAZP;0;240508;100732;154.45;100
GAZP;0;240508;100732;154.45;100
GAZP;0;240508;100732;154.45;8140
GAZP;0;240508;100732;154.45;100
GAZP;0;240508;100732;154.45;950
GAZP;0;240508;100732;154.45;100
GAZP;0;240508;100732;154.45;100
GAZP;0;240508;100732;154.45;220
GAZP;0;240508;100732;154.46;10
GAZP;0;240508;100733;154.47;100
GAZP;0;240508;100733;154.47;100
GAZP;0;240508;100733;154.47;100
GAZP;0;240508;100733;154.47;100
GAZP;0;240508;100733;154.47;100
GAZP;0;240508;100734;154.47;100
GAZP;0;240508;100734;154.47;100
GAZP;0;240508;100734;154.47;100
GAZP;0;240508;100734;154.47;10
GAZP;0;240508;100734;154.47;10
GAZP;0;240508;100736;154.47;10
GAZP;0;240508;100736;154.46;10
GAZP;0;240508;100737;154.47;10
GAZP;0;240508;100737;154.47;10
GAZP;0;240508;100738;154.47;10
GAZP;0;240508;100738;154.47;100
GAZP;0;240508;100738;154.47;10
GAZP;0;240508;100739;154.47;10
GAZP;0;240508;100739;154.47;20
GAZP;0;240508;100739;154.47;20
GAZP;0;240508;100740;154.47;20
GAZP;0;240508;100741;154.47;10
GAZP;0;240508;100742;154.47;10
GAZP;0;240508;100742;154.47;20
GAZP;0;240508;100742;154.47;10
GAZP;0;240508;100742;154.47;10
GAZP;0;240508;100743;154.47;10
GAZP;0;240508;100743;154.47;10
GAZP;0;240508;100744;154.46;50
GAZP;0;240508;100744;154.47;10
GAZP;0;240508;100744;154.47;10
GAZP;0;240508;100744;154.47;10
GAZP;0;240508;100745;154.47;10
GAZP;0;240508;100745;154.46;100
GAZP;0;240508;100746;154.47;30
GAZP;0;240508;100746;154.47;10
GAZP;0;240508;100746;154.47;30
GAZP;0;240508;100747;154.47;10
GAZP;0;240508;100747;154.47;10
GAZP;0;240508;100747;154.47;10
GAZP;0;240508;100748;154.47;10
GAZP;0;240508;100749;154.47;10
GAZP;0;240508;100749;154.47;10
GAZP;0;240508;100749;154.47;10
GAZP;0;240508;100749;154.47;10
GAZP;0;240508;100750;154.47;200
GAZP;0;240508;100750;154.47;10
GAZP;0;240508;100750;154.47;10
GAZP;0;240508;100750;154.47;10
GAZP;0;240508;100751;154.47;10
GAZP;0;240508;100752;154.47;10
GAZP;0;240508;100753;154.46;10
GAZP;0;240508;100753;154.47;10
GAZP;0;240508;100753;154.47;60
GAZP;0;240508;100753;154.47;100
GAZP;0;240508;100754;154.47;1250
GAZP;0;240508;100754;154.47;110
GAZP;0;240508;100754;154.47;20
GAZP;0;240508;100754;154.47;10
GAZP;0;240508;100754;154.47;10
GAZP;0;240508;100756;154.47;510
GAZP;0;240508;100756;154.47;50
GAZP;0;240508;100756;154.47;20
GAZP;0;240508;100756;154.47;100
GAZP;0;240508;100756;154.47;10
GAZP;0;240508;100756;154.47;300
GAZP;0;240508;100756;154.48;10
GAZP;0;240508;100757;154.48;100
GAZP;0;240508;100757;154.48;10
GAZP;0;240508;100758;154.48;200
GAZP;0;240508;100759;154.48;10
GAZP;0;240508;100759;154.48;200
GAZP;0;240508;100759;154.48;20
GAZP;0;240508;100759;154.48;20
GAZP;0;240508;100800;154.48;10
GAZP;0;240508;100800;154.47;300
GAZP;0;240508;100800;154.47;240
GAZP;0;240508;100800;154.47;160
GAZP;0;240508;100800;154.48;10
GAZP;0;240508;100801;154.48;10
GAZP;0;240508;100802;154.48;10
GAZP;0;240508;100802;154.48;10
GAZP;0;240508;100803;154.48;10
GAZP;0;240508;100803;154.48;10
GAZP;0;240508;100804;154.48;10
GAZP;0;240508;100804;154.48;10
GAZP;0;240508;100804;154.48;10
GAZP;0;240508;100805;154.48;10
GAZP;0;240508;100806;154.48;10
GAZP;0;240508;100806;154.48;10
GAZP;0;240508;100807;154.47;10
GAZP;0;240508;100808;154.48;10
GAZP;0;240508;100808;154.48;10
GAZP;0;240508;100808;154.48;10
GAZP;0;240508;100808;154.48;30
GAZP;0;240508;100809;154.48;10
GAZP;0;240508;100809;154.48;500
GAZP;0;240508;100809;154.48;10
GAZP;0;240508;100809;154.48;10
GAZP;0;240508;100809;154.48;10
GAZP;0;240508;100810;154.48;10
GAZP;0;240508;100810;154.48;10
GAZP;0;240508;100810;154.47;90
GAZP;0;240508;100811;154.48;10
GAZP;0;240508;100812;154.48;10
GAZP;0;240508;100812;154.48;10
GAZP;0;240508;100812;154.48;10
GAZP;0;240508;100813;154.48;10
GAZP;0;240508;100813;154.48;10
GAZP;0;240508;100813;154.48;10
GAZP;0;240508;100813;154.48;30
GAZP;0;240508;100813;154.48;10
GAZP;0;240508;100814;154.48;10
GAZP;0;240508;100814;154.48;10
GAZP;0;240508;100814;154.48;10
GAZP;0;240508;100814;154.48;20
GAZP;0;240508;100814;154.48;20
GAZP;0;240508;100815;154.48;170
GAZP;0;240508;100815;154.48;10
GAZP;0;240508;100816;154.48;10
GAZP;0;240508;100816;154.48;10
GAZP;0;240508;100817;154.48;10
GAZP;0;240508;100817;154.48;200
GAZP;0;240508;100818;154.48;10
GAZP;0;240508;100818;154.48;10
GAZP;0;240508;100818;154.47;430
GAZP;0;240508;100818;154.48;10
GAZP;0;240508;100819;154.48;10
GAZP;0;240508;100819;154.47;10
GAZP;0;240508;100819;154.48;10
GAZP;0;240508;100819;154.48;10
GAZP;0;240508;100819;154.48;10
GAZP;0;240508;100820;154.48;10
GAZP;0;240508;100821;154.48;10
GAZP;0;240508;100821;154.48;10
GAZP;0;240508;100821;154.48;10
GAZP;0;240508;100821;154.48;10
GAZP;0;240508;100821;154.48;10
GAZP;0;240508;100822;154.48;10
GAZP;0;240508;100823;154.48;10
GAZP;0;240508;100824;154.48;10
GAZP;0;240508;100824;154.48;10
GAZP;0;240508;100824;154.48;10
GAZP;0;240508;100824;154.48;320
GAZP;0;240508;100824;154.48;10
GAZP;0;240508;100824;154.48;10
GAZP;0;240508;100825;154.48;10
GAZP;0;240508;100825;154.48;30
GAZP;0;240508;100825;154.48;30
GAZP;0;240508;100825;154.48;10
GAZP;0;240508;100826;154.48;10
GAZP;0;240508;100827;154.47;300
GAZP;0;240508;100827;154.48;10
GAZP;0;240508;100827;154.48;10
GAZP;0;240508;100828;154.48;10
GAZP;0;240508;100828;154.48;10
GAZP;0;240508;100829;154.48;500
GAZP;0;240508;100829;154.48;10
GAZP;0;240508;100829;154.48;10
GAZP;0;240508;100829;154.48;10
GAZP;0;240508;100829;154.48;10
GAZP;0;240508;100830;154.48;10
GAZP;0;240508;100831;154.48;2900
GAZP;0;240508;100831;154.48;10
GAZP;0;240508;100832;154.48;10
GAZP;0;240508;100832;154.48;50
GAZP;0;240508;100833;154.48;10
GAZP;0;240508;100833;154.48;10
GAZP;0;240508;100834;154.48;110
GAZP;0;240508;100834;154.48;10
GAZP;0;240508;100834;154.48;10
GAZP;0;240508;100834;154.48;10
GAZP;0;240508;100835;154.48;10
GAZP;0;240508;100835;154.48;1500
GAZP;0;240508;100836;154.48;560
GAZP;0;240508;100836;154.48;10
GAZP;0;240508;100836;154.47;10
GAZP;0;240508;100836;154.48;10
GAZP;0;240508;100837;154.48;300
GAZP;0;240508;100837;154.48;500
GAZP;0;240508;100837;154.48;10
GAZP;0;240508;100837;154.48;500
GAZP;0;240508;100838;154.48;10
GAZP;0;240508;100838;154.48;70
GAZP;0;240508;100838;154.48;10
GAZP;0;240508;100839;154.48;10
GAZP;0;240508;100839;154.47;70
GAZP;0;240508;100839;154.48;10
GAZP;0;240508;100839;154.48;10
GAZP;0;240508;100840;154.48;10
GAZP;0;240508;100841;154.48;10
GAZP;0;240508;100841;154.48;10
GAZP;0;240508;100841;154.48;10
GAZP;0;240508;100842;154.48;30
GAZP;0;240508;100842;154.48;10
GAZP;0;240508;100842;154.48;50
GAZP;0;240508;100843;154.48;10
GAZP;0;240508;100843;154.48;10
GAZP;0;240508;100844;154.48;10
GAZP;0;240508;100844;154.48;10
GAZP;0;240508;100844;154.48;20
GAZP;0;240508;100844;154.48;20
GAZP;0;240508;100845;154.48;10
GAZP;0;240508;100845;154.48;10
GAZP;0;240508;100845;154.48;10
GAZP;0;240508;100846;154.48;10
GAZP;0;240508;100846;154.48;10
GAZP;0;240508;100846;154.48;20
GAZP;0;240508;100846;154.47;580
GAZP;0;240508;100846;154.47;800
GAZP;0;240508;100846;154.47;1000
GAZP;0;240508;100846;154.47;20
GAZP;0;240508;100846;154.47;10
GAZP;0;240508;100846;154.47;30
GAZP;0;240508;100846;154.47;30
GAZP;0;240508;100846;154.47;10
GAZP;0;240508;100846;154.47;150
GAZP;0;240508;100846;154.47;630
GAZP;0;240508;100846;154.47;10
GAZP;0;240508;100846;154.47;10
GAZP;0;240508;100847;154.47;80
GAZP;0;240508;100847;154.47;10
GAZP;0;240508;100848;154.47;10
GAZP;0;240508;100848;154.47;10
GAZP;0;240508;100849;154.47;10
GAZP;0;240508;100849;154.47;10
GAZP;0;240508;100849;154.47;10
GAZP;0;240508;100849;154.47;10
GAZP;0;240508;100850;154.47;20
GAZP;0;240508;100850;154.47;10
GAZP;0;240508;100850;154.47;10
GAZP;0;240508;100851;154.47;100
GAZP;0;240508;100851;154.47;10
GAZP;0;240508;100852;154.47;10
GAZP;0;240508;100852;154.47;10
GAZP;0;240508;100854;154.46;40
GAZP;0;240508;100854;154.47;10
GAZP;0;240508;100854;154.47;10
GAZP;0;240508;100854;154.47;10
GAZP;0;240508;100855;154.47;10
GAZP;0;240508;100856;154.47;10
GAZP;0;240508;100856;154.47;10
GAZP;0;240508;100857;154.47;10
GAZP;0;240508;100858;154.47;10
GAZP;0;240508;100858;154.47;10
GAZP;0;240508;100858;154.47;120
GAZP;0;240508;100858;154.47;40
GAZP;0;240508;100859;154.47;10
GAZP;0;240508;100859;154.47;950
GAZP;0;240508;100859;154.47;1050
GAZP;0;240508;100859;154.47;10
GAZP;0;240508;100900;154.47;10
GAZP;0;240508;100900;154.47;10
GAZP;0;240508;100901;154.47;10
GAZP;0;240508;100901;154.47;10
GAZP;0;240508;100902;154.47;10
GAZP;0;240508;100903;154.47;10
GAZP;0;240508;100903;154.47;10
GAZP;0;240508;100903;154.47;100
GAZP;0;240508;100904;154.47;10
GAZP;0;240508;100904;154.47;10
GAZP;0;240508;100905;154.47;10
GAZP;0;240508;100906;154.47;10
GAZP;0;240508;100906;154.47;100
GAZP;0;240508;100906;154.47;10
GAZP;0;240508;100907;154.47;10
GAZP;0;240508;100907;154.47;20
GAZP;0;240508;100907;154.47;80
GAZP;0;240508;100907;154.47;70
GAZP;0;240508;100907;154.47;30
GAZP;0;240508;100908;154.48;10
GAZP;0;240508;100909;154.48;10
GAZP;0;240508;100909;154.48;20
GAZP;0;240508;100909;154.48;20
GAZP;0;240508;100909;154.48;10
GAZP;0;240508;100910;154.47;50
GAZP;0;240508;100910;154.48;10
GAZP;0;240508;100911;154.48;10
GAZP;0;240508;100911;154.48;290
GAZP;0;240508;100911;154.48;10
GAZP;0;240508;100912;154.47;300
GAZP;0;240508;100912;154.48;10
GAZP;0;240508;100912;154.48;1000
GAZP;0;240508;100912;154.48;10
GAZP;0;240508;100913;154.47;180
GAZP;0;240508;100913;154.48;10
GAZP;0;240508;100913;154.48;10
GAZP;0;240508;100914;154.48;90
GAZP;0;240508;100914;154.48;10
GAZP;0;240508;100914;154.48;10
GAZP;0;240508;100914;154.48;10
GAZP;0;240508;100914;154.48;10
GAZP;0;240508;100915;154.48;10
GAZP;0;240508;100915;154.48;10
GAZP;0;240508;100916;154.48;10
GAZP;0;240508;100917;154.48;10
GAZP;0;240508;100917;154.48;10
GAZP;0;240508;100917;154.47;10
GAZP;0;240508;100918;154.48;10
GAZP;0;240508;100918;154.48;10
GAZP;0;240508;100919;154.48;10
GAZP;0;240508;100919;154.48;10
GAZP;0;240508;100919;154.48;120
GAZP;0;240508;100919;154.48;70
GAZP;0;240508;100919;154.48;80
GAZP;0;240508;100919;154.48;100
GAZP;0;240508;100919;154.48;130
GAZP;0;240508;100920;154.48;10
GAZP;0;240508;100920;154.48;40
GAZP;0;240508;100921;154.48;10
GAZP;0;240508;100921;154.48;10
GAZP;0;240508;100922;154.48;10
GAZP;0;240508;100922;154.48;290
GAZP;0;240508;100922;154.48;210
GAZP;0;240508;100922;154.48;20
GAZP;0;240508;100922;154.48;280
GAZP;0;240508;100922;154.48;1000
GAZP;0;240508;100922;154.48;10
GAZP;0;240508;100923;154.48;50
GAZP;0;240508;100923;154.48;30
GAZP;0;240508;100923;154.48;120
GAZP;0;240508;100923;154.48;380
GAZP;0;240508;100923;154.48;140
GAZP;0;240508;100923;154.48;480
GAZP;0;240508;100923;154.48;10
GAZP;0;240508;100923;154.48;10
GAZP;0;240508;100923;154.48;4500
GAZP;0;240508;100923;154.48;300
GAZP;0;240508;100923;154.48;2000
GAZP;0;240508;100923;154.48;1040
GAZP;0;240508;100923;154.49;2000
GAZP;0;240508;100923;154.49;10
GAZP;0;240508;100923;154.49;10
GAZP;0;240508;100924;154.49;10
GAZP;0;240508;100925;154.49;100
GAZP;0;240508;100925;154.49;300
GAZP;0;240508;100925;154.49;570
GAZP;0;240508;100925;154.49;430
GAZP;0;240508;100925;154.49;1000
GAZP;0;240508;100925;154.49;10
GAZP;0;240508;100925;154.49;500
GAZP;0;240508;100925;154.49;500
GAZP;0;240508;100925;154.49;10
GAZP;0;240508;100926;154.49;10
GAZP;0;240508;100927;154.49;10
GAZP;0;240508;100927;154.49;10
GAZP;0;240508;100928;154.49;10
GAZP;0;240508;100928;154.49;510
GAZP;0;240508;100928;154.5;200
GAZP;0;240508;100928;154.5;200
GAZP;0;240508;100928;154.5;200
GAZP;0;240508;100928;154.5;40
GAZP;0;240508;100928;154.5;40
GAZP;0;240508;100928;154.5;20
GAZP;0;240508;100928;154.5;10
GAZP;0;240508;100928;154.5;10
GAZP;0;240508;100928;154.5;100
GAZP;0;240508;100928;154.5;10
GAZP;0;240508;100928;154.5;360
GAZP;0;240508;100928;154.5;60
GAZP;0;240508;100928;154.49;30
GAZP;0;240508;100928;154.5;10
GAZP;0;240508;100928;154.5;10
GAZP;0;240508;100929;154.5;10
GAZP;0;240508;100929;154.5;10
GAZP;0;240508;100930;154.5;10
GAZP;0;240508;100931;154.5;10
GAZP;0;240508;100932;154.5;10
GAZP;0;240508;100932;154.5;10
GAZP;0;240508;100933;154.5;500
GAZP;0;240508;100933;154.5;100
GAZP;0;240508;100933;154.5;100
GAZP;0;240508;100933;154.5;10
GAZP;0;240508;100933;154.5;10
GAZP;0;240508;100933;154.5;10
GAZP;0;240508;100933;154.5;10
GAZP;0;240508;100933;154.5;30
GAZP;0;240508;100933;154.5;10
GAZP;0;240508;100933;154.5;10
GAZP;0;240508;100933;154.5;10
GAZP;0;240508;100933;154.5;40
GAZP;0;240508;100933;154.51;160
GAZP;0;240508;100933;154.52;100
GAZP;0;240508;100933;154.52;700
GAZP;0;240508;100933;154.52;10
GAZP;0;240508;100933;154.52;1590
GAZP;0;240508;100933;154.53;1000
GAZP;0;240508;100933;154.53;350
GAZP;0;240508;100933;154.54;50
GAZP;0;240508;100933;154.54;220
GAZP;0;240508;100933;154.55;10
GAZP;0;240508;100933;154.55;10
GAZP;0;240508;100933;154.55;20
GAZP;0;240508;100933;154.55;20
GAZP;0;240508;100934;154.55;530
GAZP;0;240508;100934;154.55;10
GAZP;0;240508;100934;154.55;100
GAZP;0;240508;100934;154.55;10
GAZP;0;240508;100935;154.55;10
GAZP;0;240508;100936;154.55;10
GAZP;0;240508;100936;154.55;10
GAZP;0;240508;100937;154.55;270
GAZP;0;240508;100937;154.55;10
GAZP;0;240508;100937;154.55;720
GAZP;0;240508;100937;154.55;280
GAZP;0;240508;100937;154.56;20
GAZP;0;240508;100937;154.56;220
GAZP;0;240508;100937;154.56;2000
GAZP;0;240508;100937;154.56;260
GAZP;0;240508;100937;154.57;260
GAZP;0;240508;100937;154.58;480
GAZP;0;240508;100937;154.58;500
GAZP;0;240508;100937;154.58;10
GAZP;0;240508;100938;154.58;10
GAZP;0;240508;100938;154.57;100
GAZP;0;240508;100938;154.57;10
GAZP;0;240508;100938;154.58;10
GAZP;0;240508;100938;154.58;10
GAZP;0;240508;100938;154.58;10
GAZP;0;240508;100939;154.58;20
GAZP;0;240508;100939;154.58;10
GAZP;0;240508;100939;154.58;180
GAZP;0;240508;100939;154.59;10
GAZP;0;240508;100940;154.59;10
GAZP;0;240508;100941;154.59;10
GAZP;0;240508;100941;154.59;30
GAZP;0;240508;100941;154.59;10
GAZP;0;240508;100941;154.59;280
GAZP;0;240508;100941;154.59;200
GAZP;0;240508;100941;154.59;110
GAZP;0;240508;100941;154.6;40
GAZP;0;240508;100941;154.6;60
GAZP;0;240508;100941;154.6;10
GAZP;0;240508;100941;154.6;10
GAZP;0;240508;100941;154.6;590
GAZP;0;240508;100942;154.6;10
GAZP;0;240508;100942;154.6;200
GAZP;0;240508;100942;154.59;250
GAZP;0;240508;100942;154.6;10
GAZP;0;240508;100943;154.6;190
GAZP;0;240508;100943;154.6;260
GAZP;0;240508;100943;154.6;10
GAZP;0;240508;100943;154.6;20
GAZP;0;240508;100944;154.6;10
GAZP;0;240508;100945;154.6;100
GAZP;0;240508;100945;154.6;600
GAZP;0;240508;100945;154.6;160
GAZP;0;240508;100945;154.6;100
GAZP;0;240508;100945;154.6;140
GAZP;0;240508;100945;154.6;20
GAZP;0;240508;100945;154.6;840
GAZP;0;240508;100945;154.6;10
GAZP;0;240508;100945;154.61;10
GAZP;0;240508;100945;154.61;140
GAZP;0;240508;100945;154.61;500
GAZP;0;240508;100946;154.6;630
GAZP;0;240508;100946;154.6;360
GAZP;0;240508;100946;154.6;1000
GAZP;0;240508;100946;154.6;10
GAZP;0;240508;100947;154.61;360
GAZP;0;240508;100947;154.62;350
GAZP;0;240508;100947;154.62;180
GAZP;0;240508;100947;154.63;110
GAZP;0;240508;100947;154.62;440
GAZP;0;240508;100947;154.63;200
GAZP;0;240508;100948;154.63;500
GAZP;0;240508;100948;154.63;190
GAZP;0;240508;100948;154.63;60
GAZP;0;240508;100948;154.63;100
GAZP;0;240508;100948;154.63;10
GAZP;0;240508;100948;154.64;50
GAZP;0;240508;100948;154.64;10
GAZP;0;240508;100948;154.65;100
GAZP;0;240508;100948;154.64;100
GAZP;0;240508;100949;154.65;10
GAZP;0;240508;100949;154.64;50
GAZP;0;240508;100950;154.64;30
GAZP;0;240508;100952;154.65;10
GAZP;0;240508;100953;154.65;10
GAZP;0;240508;100953;154.65;10
GAZP;0;240508;100954;154.64;400
GAZP;0;240508;100954;154.64;630
GAZP;0;240508;100954;154.64;10
GAZP;0;240508;100954;154.64;10
GAZP;0;240508;100954;154.63;350
GAZP;0;240508;100954;154.63;10
GAZP;0;240508;100954;154.62;1000
GAZP;0;240508;100954;154.62;8000
GAZP;0;240508;100954;154.62;10
GAZP;0;240508;100954;154.61;2000
GAZP;0;240508;100954;154.6;650
GAZP;0;240508;100954;154.6;10
GAZP;0;240508;100955;154.6;10
GAZP;0;240508;100955;154.59;50
GAZP;0;240508;100956;154.6;10
GAZP;0;240508;100956;154.6;70
GAZP;0;240508;100957;154.6;10
GAZP;0;240508;100957;154.6;100
GAZP;0;240508;100957;154.6;10
GAZP;0;240508;100957;154.6;10
GAZP;0;240508;100958;154.59;630
GAZP;0;240508;100958;154.59;70
GAZP;0;240508;100958;154.6;10
GAZP;0;240508;100959;154.6;10
GAZP;0;240508;100959;154.59;10
GAZP;0;240508;100959;154.6;10
GAZP;0;240508;101000;154.6;60
GAZP;0;240508;101000;154.6;10
GAZP;0;240508;101001;154.6;50
GAZP;0;240508;101001;154.6;10
GAZP;0;240508;101001;154.6;790
GAZP;0;240508;101002;154.6;10
GAZP;0;240508;101002;154.6;10
GAZP;0;240508;101002;154.6;100
GAZP;0;240508;101002;154.6;10
GAZP;0;240508;101003;154.59;30
GAZP;0;240508;101003;154.59;590
GAZP;0;240508;101003;154.59;10
GAZP;0;240508;101003;154.59;50
GAZP;0;240508;101003;154.6;10
GAZP;0;240508;101004;154.6;50
GAZP;0;240508;101004;154.6;10
GAZP;0;240508;101005;154.6;550
GAZP;0;240508;101005;154.6;30
GAZP;0;240508;101005;154.61;360
GAZP;0;240508;101005;154.64;10
GAZP;0;240508;101005;154.64;90
GAZP;0;240508;101005;154.64;100
GAZP;0;240508;101005;154.62;200
GAZP;0;240508;101006;154.65;200
GAZP;0;240508;101006;154.65;100
GAZP;0;240508;101007;154.64;10
GAZP;0;240508;101007;154.64;10
GAZP;0;240508;101007;154.64;10
GAZP;0;240508;101007;154.64;10
GAZP;0;240508;101008;154.64;10
GAZP;0;240508;101008;154.63;30
GAZP;0;240508;101008;154.63;200
GAZP;0;240508;101008;154.64;20
GAZP;0;240508;101008;154.64;100
GAZP;0;240508;101009;154.64;10
GAZP;0;240508;101009;154.64;10
GAZP;0;240508;101010;154.64;750
GAZP;0;240508;101010;154.64;1170
GAZP;0;240508;101010;154.64;50
GAZP;0;240508;101010;154.64;300
GAZP;0;240508;101010;154.65;560
GAZP;0;240508;101010;154.65;20
GAZP;0;240508;101010;154.65;250
GAZP;0;240508;101010;154.65;2030
GAZP;0;240508;101010;154.65;1000
GAZP;0;240508;101010;154.65;10
GAZP;0;240508;101010;154.65;350
GAZP;0;240508;101010;154.66;50
GAZP;0;240508;101010;154.66;250
GAZP;0;240508;101010;154.66;1630
GAZP;0;240508;101010;154.67;100
GAZP;0;240508;101010;154.67;1000
GAZP;0;240508;101010;154.67;220
GAZP;0;240508;101010;154.67;20
GAZP;0;240508;101010;154.67;250
GAZP;0;240508;101010;154.67;5000
GAZP;0;240508;101010;154.67;630
GAZP;0;240508;101010;154.68;10
GAZP;0;240508;101010;154.68;1000
GAZP;0;240508;101010;154.68;50
GAZP;0;240508;101010;154.68;10
GAZP;0;240508;101010;154.68;250
GAZP;0;240508;101010;154.68;1000
GAZP;0;240508;101010;154.68;1000
GAZP;0;240508;101010;154.68;160
GAZP;0;240508;101010;154.68;940
GAZP;0;240508;101010;154.68;100
GAZP;0;240508;101010;154.69;50
GAZP;0;240508;101010;154.69;10
GAZP;0;240508;101010;154.69;100
GAZP;0;240508;101010;154.69;250
GAZP;0;240508;101010;154.69;1000
GAZP;0;240508;101010;154.69;1000
GAZP;0;240508;101010;154.69;7430
GAZP;0;240508;101010;154.68;100
GAZP;0;240508;101010;154.7;300
GAZP;0;240508;101010;154.7;30
GAZP;0;240508;101010;154.7;10
GAZP;0;240508;101011;154.69;180
GAZP;0;240508;101011;154.7;50
GAZP;0;240508;101011;154.7;10
GAZP;0;240508;101012;154.69;820
GAZP;0;240508;101012;154.68;360
GAZP;0;240508;101012;154.67;1000
GAZP;0;240508;101012;154.66;440
GAZP;0;240508;101012;154.66;370
GAZP;0;240508;101012;154.68;100
GAZP;0;240508;101014;154.68;100
GAZP;0;240508;101015;154.67;10
GAZP;0;240508;101016;154.67;10
GAZP;0;240508;101016;154.67;650
GAZP;0;240508;101017;154.67;10
GAZP;0;240508;101018;154.67;10
GAZP;0;240508;101018;154.67;10
GAZP;0;240508;101019;154.67;10
GAZP;0;240508;101019;154.67;10
GAZP;0;240508;101020;154.67;500
GAZP;0;240508;101020;154.68;10
GAZP;0;240508;101020;154.66;10
GAZP;0;240508;101021;154.67;10
GAZP;0;240508;101022;154.66;10
GAZP;0;240508;101022;154.66;10
GAZP;0;240508;101023;154.65;100
GAZP;0;240508;101023;154.65;10
GAZP;0;240508;101023;154.65;10
GAZP;0;240508;101024;154.65;10
GAZP;0;240508;101024;154.65;30
GAZP;0;240508;101025;154.65;30
GAZP;0;240508;101025;154.65;1810
GAZP;0;240508;101025;154.65;10
GAZP;0;240508;101027;154.65;200
GAZP;0;240508;101027;154.65;10
GAZP;0;240508;101027;154.64;30
GAZP;0;240508;101028;154.65;10
GAZP;0;240508;101028;154.64;10
GAZP;0;240508;101028;154.64;30
GAZP;0;240508;101028;154.63;10
GAZP;0;240508;101028;154.62;30
GAZP;0;240508;101028;154.61;370
GAZP;0;240508;101028;154.61;5000
GAZP;0;240508;101028;154.6;30
GAZP;0;240508;101028;154.61;20
GAZP;0;240508;101029;154.61;10
GAZP;0;240508;101029;154.61;10
GAZP;0;240508;101030;154.6;10
GAZP;0;240508;101030;154.61;20
GAZP;0;240508;101031;154.6;4260
GAZP;0;240508;101031;154.6;10
GAZP;0;240508;101031;154.6;20
GAZP;0;240508;101031;154.59;1000
GAZP;0;240508;101031;154.59;50
GAZP;0;240508;101031;154.58;2000
GAZP;0;240508;101031;154.58;380
GAZP;0;240508;101031;154.55;20
GAZP;0;240508;101031;154.55;300
GAZP;0;240508;101031;154.54;10
GAZP;0;240508;101031;154.54;5000
GAZP;0;240508;101031;154.53;60
GAZP;0;240508;101031;154.53;800
GAZP;0;240508;101031;154.53;3900
GAZP;0;240508;101031;154.52;800
GAZP;0;240508;101031;154.51;8000
GAZP;0;240508;101031;154.51;8000
GAZP;0;240508;101031;154.5;10
GAZP;0;240508;101031;154.5;20
GAZP;0;240508;101031;154.49;250
GAZP;0;240508;101031;154.49;100
GAZP;0;240508;101031;154.49;2000
GAZP;0;240508;101031;154.48;250
GAZP;0;240508;101031;154.48;400
GAZP;0;240508;101031;154.48;1000
GAZP;0;240508;101031;154.48;430
GAZP;0;240508;101031;154.48;8000
GAZP;0;240508;101031;154.48;1600
GAZP;0;240508;101031;154.48;1330
GAZP;0;240508;101031;154.48;10
GAZP;0;240508;101031;154.48;290
GAZP;0;240508;101031;154.48;10
GAZP;0;240508;101031;154.48;10
GAZP;0;240508;101032;154.48;10
GAZP;0;240508;101032;154.48;10
GAZP;0;240508;101036;154.47;10
GAZP;0;240508;101036;154.47;10
GAZP;0;240508;101036;154.48;10
GAZP;0;240508;101037;154.48;10
GAZP;0;240508;101037;154.48;10
GAZP;0;240508;101038;154.47;50
GAZP;0;240508;101038;154.48;10
GAZP;0;240508;101038;154.49;100
GAZP;0;240508;101039;154.48;10
GAZP;0;240508;101040;154.48;10
GAZP;0;240508;101041;154.48;10
GAZP;0;240508;101041;154.47;580
GAZP;0;240508;101041;154.47;3000
GAZP;0;240508;101041;154.47;600
GAZP;0;240508;101041;154.47;10
GAZP;0;240508;101041;154.47;380
GAZP;0;240508;101042;154.47;10
GAZP;0;240508;101042;154.46;10
GAZP;0;240508;101042;154.46;300
GAZP;0;240508;101042;154.46;10
GAZP;0;240508;101042;154.46;20
GAZP;0;240508;101042;154.46;20
GAZP;0;240508;101042;154.46;10
GAZP;0;240508;101042;154.46;370
GAZP;0;240508;101042;154.45;4260
GAZP;0;240508;101042;154.46;10
GAZP;0;240508;101042;154.46;10
GAZP;0;240508;101042;154.46;10
GAZP;0;240508;101043;154.46;30
GAZP;0;240508;101043;154.46;70
GAZP;0;240508;101043;154.46;10
GAZP;0;240508;101044;154.46;10
GAZP;0;240508;101044;154.46;100
GAZP;0;240508;101045;154.46;10
GAZP;0;240508;101046;154.46;60
GAZP;0;240508;101047;154.46;10
GAZP;0;240508;101047;154.46;10
GAZP;0;240508;101047;154.46;10
GAZP;0;240508;101048;154.46;40
GAZP;0;240508;101048;154.46;10
GAZP;0;240508;101049;154.46;10
GAZP;0;240508;101049;154.46;100
GAZP;0;240508;101050;154.46;10
GAZP;0;240508;101051;154.46;10
GAZP;0;240508;101052;154.46;20
GAZP;0;240508;101052;154.46;10
GAZP;0;240508;101052;154.46;20
GAZP;0;240508;101052;154.46;20
GAZP;0;240508;101054;154.46;10
GAZP;0;240508;101054;154.46;20
GAZP;0;240508;101054;154.46;10
GAZP;0;240508;101055;154.45;10
GAZP;0;240508;101055;154.45;50
GAZP;0;240508;101055;154.46;10
GAZP;0;240508;101055;154.46;100
GAZP;0;240508;101057;154.46;10
GAZP;0;240508;101057;154.46;20
GAZP;0;240508;101058;154.46;10
GAZP;0;240508;101059;154.46;10
GAZP;0;240508;101059;154.46;10
GAZP;0;240508;101059;154.46;100
GAZP;0;240508;101059;154.46;40
GAZP;0;240508;101059;154.45;1200
GAZP;0;240508;101100;154.46;10
GAZP;0;240508;101100;154.46;20
GAZP;0;240508;101101;154.46;10
GAZP;0;240508;101101;154.46;100
GAZP;0;240508;101102;154.46;10
GAZP;0;240508;101102;154.45;1030
GAZP;0;240508;101102;154.45;330
GAZP;0;240508;101102;154.46;10
GAZP;0;240508;101103;154.45;40
GAZP;0;240508;101103;154.46;10
GAZP;0;240508;101103;154.45;10750
GAZP;0;240508;101103;154.46;80
GAZP;0;240508;101104;154.45;1320
GAZP;0;240508;101104;154.45;10
GAZP;0;240508;101106;154.46;10
GAZP;0;240508;101106;154.45;750
GAZP;0;240508;101106;154.45;10
GAZP;0;240508;101107;154.46;10
GAZP;0;240508;101107;154.46;10
GAZP;0;240508;101108;154.46;10
GAZP;0;240508;101110;154.45;30
GAZP;0;240508;101111;154.45;20
GAZP;0;240508;101112;154.45;10
GAZP;0;240508;101112;154.46;10
GAZP;0;240508;101112;154.46;10
GAZP;0;240508;101114;154.45;10
GAZP;0;240508;101114;154.46;130
GAZP;0;240508;101115;154.46;100
GAZP;0;240508;101115;154.46;180
GAZP;0;240508;101115;154.46;10
GAZP;0;240508;101116;154.45;80
GAZP;0;240508;101118;154.46;100
GAZP;0;240508;101118;154.46;10
GAZP;0;240508;101120;154.46;100
GAZP;0;240508;101121;154.46;10
GAZP;0;240508;101122;154.45;5980
GAZP;0;240508;101122;154.45;60
GAZP;0;240508;101122;154.45;1000
GAZP;0;240508;101122;154.45;20
GAZP;0;240508;101122;154.45;4400
GAZP;0;240508;101122;154.45;10
GAZP;0;240508;101122;154.45;90
GAZP;0;240508;101122;154.45;10
GAZP;0;240508;101122;154.45;100
GAZP;0;240508;101122;154.45;7890
GAZP;0;240508;101122;154.45;800
GAZP;0;240508;101122;154.45;10
GAZP;0;240508;101123;154.46;490
GAZP;0;240508;101123;154.46;10
GAZP;0;240508;101123;154.46;1490
GAZP;0;240508;101123;154.46;630
GAZP;0;240508;101123;154.46;150
GAZP;0;240508;101123;154.46;300
GAZP;0;240508;101123;154.46;800
GAZP;0;240508;101123;154.46;680
GAZP;0;240508;101125;154.46;320
GAZP;0;240508;101125;154.46;120
GAZP;0;240508;101125;154.45;2500
GAZP;0;240508;101126;154.45;5000
GAZP;0;240508;101128;154.46;10
GAZP;0;240508;101130;154.46;10
GAZP;0;240508;101130;154.46;10
GAZP;0;240508;101131;154.45;270
GAZP;0;240508;101132;154.46;10
GAZP;0;240508;101133;154.46;10
GAZP;0;240508;101134;154.46;10
GAZP;0;240508;101135;154.45;10
GAZP;0;240508;101135;154.46;50
GAZP;0;240508;101135;154.46;70
GAZP;0;240508;101135;154.46;430
GAZP;0;240508;101136;154.46;200
GAZP;0;240508;101136;154.46;560
GAZP;0;240508;101141;154.46;10
GAZP;0;240508;101141;154.45;50
GAZP;0;240508;101142;154.46;20
GAZP;0;240508;101142;154.46;210
GAZP;0;240508;101142;154.46;280
GAZP;0;240508;101142;154.46;10
GAZP;0;240508;101144;154.46;100
GAZP;0;240508;101144;154.46;610
GAZP;0;240508;101144;154.46;150
GAZP;0;240508;101145;154.46;10
GAZP;0;240508;101147;154.45;400
GAZP;0;240508;101147;154.46;100
GAZP;0;240508;101147;154.46;100
GAZP;0;240508;101148;154.46;10
GAZP;0;240508;101149;154.46;10
GAZP;0;240508;101150;154.45;70
GAZP;0;240508;101150;154.45;30
GAZP;0;240508;101150;154.46;20
GAZP;0;240508;101150;154.46;100
GAZP;0;240508;101150;154.46;10
GAZP;0;240508;101152;154.46;10
GAZP;0;240508;101152;154.46;10
GAZP;0;240508;101153;154.46;100
GAZP;0;240508;101153;154.46;100
GAZP;0;240508;101153;154.46;280
GAZP;0;240508;101153;154.45;100
GAZP;0;240508;101155;154.46;520
GAZP;0;240508;101155;154.46;50
GAZP;0;240508;101156;154.46;10
GAZP;0;240508;101157;154.46;10
GAZP;0;240508;101158;154.46;10
GAZP;0;240508;101158;154.46;200
GAZP;0;240508;101158;154.45;10
GAZP;0;240508;101159;154.46;10
GAZP;0;240508;101203;154.45;1860
GAZP;0;240508;101203;154.45;50
GAZP;0;240508;101203;154.45;1080
GAZP;0;240508;101203;154.45;10
GAZP;0;240508;101203;154.45;20
GAZP;0;240508;101204;154.46;710
GAZP;0;240508;101204;154.46;290
GAZP;0;240508;101205;154.46;630
GAZP;0;240508;101205;154.46;180
GAZP;0;240508;101205;154.46;70
GAZP;0;240508;101206;154.46;10
GAZP;0;240508;101207;154.46;240
GAZP;0;240508;101208;154.45;200
GAZP;0;240508;101208;154.46;200
GAZP;0;240508;101211;154.46;10
GAZP;0;240508;101214;154.46;90
GAZP;0;240508;101214;154.46;100
GAZP;0;240508;101215;154.46;10
GAZP;0;240508;101215;154.46;20
GAZP;0;240508;101215;154.46;50
GAZP;0;240508;101215;154.46;10
GAZP;0;240508;101217;154.46;10
GAZP;0;240508;101221;154.46;800
GAZP;0;240508;101221;154.46;630
GAZP;0;240508;101221;154.46;800
GAZP;0;240508;101221;154.47;420
GAZP;0;240508;101221;154.47;30
GAZP;0;240508;101221;154.47;140
GAZP;0;240508;101221;154.47;370
GAZP;0;240508;101221;154.47;100
GAZP;0;240508;101221;154.47;10
GAZP;0;240508;101221;154.48;300
GAZP;0;240508;101221;154.49;1170
GAZP;0;240508;101221;154.5;550
GAZP;0;240508;101221;154.5;10
GAZP;0;240508;101221;154.5;2030
GAZP;0;240508;101221;154.5;1000
GAZP;0;240508;101221;154.51;1000
GAZP;0;240508;101221;154.51;640
GAZP;0;240508;101221;154.51;10
GAZP;0;240508;101221;154.46;10
GAZP;0;240508;101221;154.46;60
GAZP;0;240508;101221;154.46;10
GAZP;0;240508;101222;154.46;10
GAZP;0;240508;101223;154.45;120
GAZP;0;240508;101223;154.45;10
GAZP;0;240508;101224;154.46;10
GAZP;0;240508;101224;154.45;700
GAZP;0;240508;101224;154.45;1000
GAZP;0;240508;101224;154.45;1000
GAZP;0;240508;101224;154.45;30
GAZP;0;240508;101224;154.46;10
GAZP;0;240508;101224;154.45;870
GAZP;0;240508;101224;154.45;1000
GAZP;0;240508;101224;154.45;130
GAZP;0;240508;101225;154.45;50
GAZP;0;240508;101225;154.46;780
GAZP;0;240508;101225;154.46;20
GAZP;0;240508;101226;154.45;50
GAZP;0;240508;101226;154.46;10
GAZP;0;240508;101228;154.45;10
GAZP;0;240508;101230;154.46;10
GAZP;0;240508;101232;154.45;760
GAZP;0;240508;101232;154.45;1000
GAZP;0;240508;101232;154.45;830
GAZP;0;240508;101233;154.46;60
GAZP;0;240508;101234;154.46;20
GAZP;0;240508;101237;154.46;100
GAZP;0;240508;101237;154.46;10
GAZP;0;240508;101239;154.45;170
GAZP;0;240508;101242;154.45;10
GAZP;0;240508;101244;154.46;10
GAZP;0;240508;101246;154.46;10
GAZP;0;240508;101246;154.45;50
GAZP;0;240508;101248;154.46;10
GAZP;0;240508;101254;154.45;70
GAZP;0;240508;101255;154.47;90
GAZP;0;240508;101257;154.47;10
GAZP;0;240508;101258;154.47;10
GAZP;0;240508;101258;154.47;10
GAZP;0;240508;101302;154.47;10
GAZP;0;240508;101303;154.47;10
GAZP;0;240508;101305;154.47;10
GAZP;0;240508;101305;154.46;20
GAZP;0;240508;101305;154.46;10
GAZP;0;240508;101307;154.47;20
GAZP;0;240508;101311;154.47;20
GAZP;0;240508;101312;154.47;440
GAZP;0;240508;101312;154.47;310
GAZP;0;240508;101315;154.46;30
GAZP;0;240508;101319;154.47;10
GAZP;0;240508;101321;154.47;140
GAZP;0;240508;101322;154.47;50
GAZP;0;240508;101324;154.47;10
GAZP;0;240508;101325;154.46;20
GAZP;0;240508;101326;154.47;10
GAZP;0;240508;101326;154.47;10
GAZP;0;240508;101326;154.46;50
GAZP;0;240508;101326;154.46;10
GAZP;0;240508;101326;154.46;10
GAZP;0;240508;101326;154.46;10
GAZP;0;240508;101326;154.45;220
GAZP;0;240508;101326;154.45;120
GAZP;0;240508;101326;154.46;20
GAZP;0;240508;101327;154.46;10
GAZP;0;240508;101327;154.45;10
GAZP;0;240508;101328;154.45;1340
GAZP;0;240508;101328;154.45;1000
GAZP;0;240508;101328;154.45;1000
GAZP;0;240508;101328;154.45;500
GAZP;0;240508;101328;154.45;300
GAZP;0;240508;101328;154.45;1300
GAZP;0;240508;101328;154.45;1000
GAZP;0;240508;101328;154.46;20
GAZP;0;240508;101330;154.46;110
GAZP;0;240508;101331;154.45;190
GAZP;0;240508;101331;154.45;1000
GAZP;0;240508;101331;154.45;810
GAZP;0;240508;101332;154.46;10
GAZP;0;240508;101333;154.45;10
GAZP;0;240508;101334;154.45;10
GAZP;0;240508;101336;154.45;10
GAZP;0;240508;101337;154.46;100
GAZP;0;240508;101339;154.45;190
GAZP;0;240508;101339;154.45;1000
GAZP;0;240508;101339;154.45;20
GAZP;0;240508;101339;154.45;1000
GAZP;0;240508;101339;154.45;1000
GAZP;0;240508;101339;154.45;700
GAZP;0;240508;101339;154.46;10
GAZP;0;240508;101340;154.45;1270
GAZP;0;240508;101340;154.45;1930
GAZP;0;240508;101340;154.45;1000
GAZP;0;240508;101340;154.45;800
GAZP;0;240508;101341;154.46;100
GAZP;0;240508;101342;154.46;10
GAZP;0;240508;101345;154.45;70
GAZP;0;240508;101345;154.45;230
GAZP;0;240508;101347;154.45;560
GAZP;0;240508;101347;154.46;30
GAZP;0;240508;101350;154.45;20
GAZP;0;240508;101350;154.46;10
GAZP;0;240508;101352;154.46;10
GAZP;0;240508;101357;154.46;10
GAZP;0;240508;101401;154.46;570
GAZP;0;240508;101401;154.46;30
GAZP;0;240508;101401;154.46;150
GAZP;0;240508;101402;154.46;10
GAZP;0;240508;101406;154.45;190
GAZP;0;240508;101406;154.45;810
GAZP;0;240508;101407;154.45;190
GAZP;0;240508;101407;154.45;130
GAZP;0;240508;101407;154.46;10
GAZP;0;240508;101411;154.45;100
GAZP;0;240508;101411;154.46;10
GAZP;0;240508;101412;154.46;20
GAZP;0;240508;101414;154.46;100
GAZP;0;240508;101415;154.45;20
GAZP;0;240508;101417;154.46;10
GAZP;0;240508;101422;154.46;40
GAZP;0;240508;101422;154.46;10
GAZP;0;240508;101424;154.46;20
GAZP;0;240508;101424;154.46;40
GAZP;0;240508;101425;154.46;70
GAZP;0;240508;101426;154.46;10
GAZP;0;240508;101427;154.46;270
GAZP;0;240508;101427;154.46;360
GAZP;0;240508;101427;154.46;1870
GAZP;0;240508;101427;154.45;750
GAZP;0;240508;101427;154.45;10
GAZP;0;240508;101427;154.45;10
GAZP;0;240508;101427;154.45;1000
GAZP;0;240508;101427;154.45;1000
GAZP;0;240508;101427;154.46;10
GAZP;0;240508;101427;154.45;170
GAZP;0;240508;101428;154.46;10
GAZP;0;240508;101429;154.46;70
GAZP;0;240508;101431;154.45;20
GAZP;0;240508;101431;154.46;2000
GAZP;0;240508;101431;154.45;110
GAZP;0;240508;101432;154.46;20
GAZP;0;240508;101432;154.46;20
GAZP;0;240508;101433;154.45;1700
GAZP;0;240508;101433;154.45;1780
GAZP;0;240508;101433;154.45;1000
GAZP;0;240508;101433;154.45;500
GAZP;0;240508;101433;154.45;10
GAZP;0;240508;101433;154.45;10
GAZP;0;240508;101435;154.45;80
GAZP;0;240508;101435;154.46;10
GAZP;0;240508;101437;154.46;20
GAZP;0;240508;101437;154.46;10
GAZP;0;240508;101437;154.46;10
GAZP;0;240508;101438;154.45;10
GAZP;0;240508;101439;154.45;130
GAZP;0;240508;101439;154.45;570
GAZP;0;240508;101440;154.46;50
GAZP;0;240508;101440;154.45;430
GAZP;0;240508;101440;154.45;1000
GAZP;0;240508;101440;154.45;1790
GAZP;0;240508;101442;154.46;30
GAZP;0;240508;101442;154.45;40
GAZP;0;240508;101442;154.46;10
GAZP;0;240508;101442;154.46;10
GAZP;0;240508;101444;154.45;670
GAZP;0;240508;101444;154.45;30
GAZP;0;240508;101444;154.45;30
GAZP;0;240508;101444;154.45;550
GAZP;0;240508;101446;154.45;30
GAZP;0;240508;101447;154.46;40
GAZP;0;240508;101447;154.46;10
GAZP;0;240508;101448;154.45;360
GAZP;0;240508;101448;154.45;640
GAZP;0;240508;101450;154.46;30
GAZP;0;240508;101450;154.46;20
GAZP;0;240508;101451;154.46;10
GAZP;0;240508;101452;154.46;10
GAZP;0;240508;101453;154.46;50
GAZP;0;240508;101454;154.46;10
GAZP;0;240508;101455;154.45;10
GAZP;0;240508;101456;154.46;150
GAZP;0;240508;101457;154.46;20
GAZP;0;240508;101459;154.45;10
GAZP;0;240508;101500;154.46;10
GAZP;0;240508;101502;154.46;10
GAZP;0;240508;101503;154.46;10
GAZP;0;240508;101504;154.45;1980
GAZP;0;240508;101504;154.45;2000
GAZP;0;240508;101504;154.45;10
GAZP;0;240508;101504;154.45;2000
GAZP;0;240508;101504;154.45;10
GAZP;0;240508;101506;154.46;470
GAZP;0;240508;101506;154.46;50
GAZP;0;240508;101506;154.46;10
GAZP;0;240508;101506;154.46;290
GAZP;0;240508;101506;154.46;10
GAZP;0;240508;101506;154.46;100
GAZP;0;240508;101506;154.46;10
GAZP;0;240508;101506;154.46;1000
GAZP;0;240508;101506;154.46;690
GAZP;0;240508;101506;154.46;2030
GAZP;0;240508;101506;154.46;2000
GAZP;0;240508;101506;154.46;200
GAZP;0;240508;101506;154.46;300
GAZP;0;240508;101506;154.47;630
GAZP;0;240508;101506;154.47;10
GAZP;0;240508;101506;154.47;1380
GAZP;0;240508;101506;154.47;820
GAZP;0;240508;101507;154.46;10
GAZP;0;240508;101510;154.46;50
GAZP;0;240508;101510;154.46;20
GAZP;0;240508;101510;154.46;30
GAZP;0;240508;101512;154.46;10
GAZP;0;240508;101514;154.45;10
GAZP;0;240508;101515;154.45;350
GAZP;0;240508;101515;154.45;100
GAZP;0;240508;101515;154.45;900
GAZP;0;240508;101515;154.45;1000
GAZP;0;240508;101515;154.45;40
GAZP;0;240508;101515;154.45;460
GAZP;0;240508;101517;154.45;20
GAZP;0;240508;101517;154.46;50
GAZP;0;240508;101517;154.46;20
GAZP;0;240508;101519;154.46;10
GAZP;0;240508;101519;154.46;1830
GAZP;0;240508;101520;154.46;10
GAZP;0;240508;101521;154.47;40
GAZP;0;240508;101522;154.47;10
GAZP;0;240508;101522;154.47;10
GAZP;0;240508;101524;154.47;10
GAZP;0;240508;101527;154.47;10
GAZP;0;240508;101531;154.47;30
GAZP;0;240508;101532;154.47;10
GAZP;0;240508;101534;154.46;160
GAZP;0;240508;101534;154.46;10
GAZP;0;240508;101534;154.46;70
GAZP;0;240508;101534;154.46;10
GAZP;0;240508;101535;154.45;520
GAZP;0;240508;101535;154.45;1000
GAZP;0;240508;101535;154.45;1000
GAZP;0;240508;101535;154.45;380
GAZP;0;240508;101535;154.45;100
GAZP;0;240508;101535;154.46;60
GAZP;0;240508;101536;154.46;10
GAZP;0;240508;101537;154.46;20
GAZP;0;240508;101539;154.46;20
GAZP;0;240508;101539;154.46;10
GAZP;0;240508;101542;154.46;10
GAZP;0;240508;101542;154.46;10
GAZP;0;240508;101546;154.46;10
GAZP;0;240508;101547;154.46;10
GAZP;0;240508;101547;154.46;10
GAZP;0;240508;101548;154.46;10
GAZP;0;240508;101548;154.46;30
GAZP;0;240508;101548;154.47;2470
GAZP;0;240508;101552;154.47;10
GAZP;0;240508;101552;154.47;10
GAZP;0;240508;101554;154.47;20
GAZP;0;240508;101554;154.47;20
GAZP;0;240508;101555;154.46;20
GAZP;0;240508;101557;154.47;10
GAZP;0;240508;101557;154.47;10
GAZP;0;240508;101558;154.46;10
GAZP;0;240508;101558;154.47;50
GAZP;0;240508;101602;154.47;10
GAZP;0;240508;101602;154.47;10
GAZP;0;240508;101603;154.47;50
GAZP;0;240508;101605;154.47;50
GAZP;0;240508;101606;154.47;10
GAZP;0;240508;101606;154.47;10
GAZP;0;240508;101608;154.47;30
GAZP;0;240508;101608;154.46;10
GAZP;0;240508;101612;154.46;30
GAZP;0;240508;101612;154.47;20
GAZP;0;240508;101612;154.47;20
GAZP;0;240508;101615;154.46;70
GAZP;0;240508;101615;154.47;100
GAZP;0;240508;101615;154.47;100
GAZP;0;240508;101617;154.46;90
GAZP;0;240508;101617;154.47;10
GAZP;0;240508;101617;154.47;10
GAZP;0;240508;101618;154.47;20
GAZP;0;240508;101618;154.47;10
GAZP;0;240508;101618;154.47;10
GAZP;0;240508;101619;154.46;10
GAZP;0;240508;101619;154.46;500
GAZP;0;240508;101620;154.47;80
GAZP;0;240508;101621;154.47;120
GAZP;0;240508;101621;154.47;120
GAZP;0;240508;101622;154.47;20
GAZP;0;240508;101622;154.47;20
GAZP;0;240508;101627;154.46;10
GAZP;0;240508;101627;154.47;10
GAZP;0;240508;101628;154.47;10
GAZP;0;240508;101630;154.46;70
GAZP;0;240508;101631;154.47;10
GAZP;0;240508;101632;154.47;20
GAZP;0;240508;101632;154.46;800
GAZP;0;240508;101632;154.47;10
GAZP;0;240508;101633;154.47;10
GAZP;0;240508;101634;154.46;10
GAZP;0;240508;101634;154.47;10
GAZP;0;240508;101636;154.46;10
GAZP;0;240508;101636;154.46;10
GAZP;0;240508;101637;154.47;10
GAZP;0;240508;101639;154.47;60
GAZP;0;240508;101641;154.47;20
GAZP;0;240508;101642;154.47;10
GAZP;0;240508;101642;154.47;10
GAZP;0;240508;101643;154.47;100
GAZP;0;240508;101643;154.47;50
GAZP;0;240508;101643;154.47;100
GAZP;0;240508;101644;154.47;190
GAZP;0;240508;101644;154.47;10
GAZP;0;240508;101644;154.47;800
GAZP;0;240508;101644;154.47;320
GAZP;0;240508;101644;154.47;680
GAZP;0;240508;101645;154.47;470
GAZP;0;240508;101645;154.47;390
GAZP;0;240508;101645;154.49;10
GAZP;0;240508;101645;154.5;10
GAZP;0;240508;101645;154.5;110
GAZP;0;240508;101645;154.49;60
GAZP;0;240508;101647;154.49;10
GAZP;0;240508;101647;154.5;300
GAZP;0;240508;101647;154.5;20
GAZP;0;240508;101649;154.5;10
GAZP;0;240508;101651;154.49;160
GAZP;0;240508;101652;154.5;120
GAZP;0;240508;101652;154.5;10
GAZP;0;240508;101655;154.49;20
GAZP;0;240508;101655;154.49;10
GAZP;0;240508;101657;154.5;10
GAZP;0;240508;101658;154.5;100
GAZP;0;240508;101701;154.5;160
GAZP;0;240508;101702;154.5;10
GAZP;0;240508;101702;154.5;150
GAZP;0;240508;101702;154.5;10
GAZP;0;240508;101702;154.5;100
GAZP;0;240508;101702;154.5;150
GAZP;0;240508;101702;154.5;500
GAZP;0;240508;101702;154.51;90
GAZP;0;240508;101702;154.5;200
GAZP;0;240508;101702;154.5;10
GAZP;0;240508;101702;154.51;910
GAZP;0;240508;101702;154.51;380
GAZP;0;240508;101702;154.51;660
GAZP;0;240508;101702;154.52;10
GAZP;0;240508;101702;154.53;100
GAZP;0;240508;101702;154.53;270
GAZP;0;240508;101702;154.53;10
GAZP;0;240508;101702;154.54;40
GAZP;0;240508;101702;154.53;200
GAZP;0;240508;101702;154.53;3250
GAZP;0;240508;101702;154.53;300
GAZP;0;240508;101702;154.53;10
GAZP;0;240508;101702;154.53;10
GAZP;0;240508;101707;154.54;10
GAZP;0;240508;101708;154.54;60
GAZP;0;240508;101708;154.54;1000
GAZP;0;240508;101708;154.54;20
GAZP;0;240508;101712;154.54;3300
GAZP;0;240508;101712;154.55;60
GAZP;0;240508;101712;154.55;380
GAZP;0;240508;101712;154.56;10
GAZP;0;240508;101712;154.56;300
GAZP;0;240508;101712;154.57;20
GAZP;0;240508;101712;154.57;10
GAZP;0;240508;101712;154.57;10
GAZP;0;240508;101715;154.56;10
GAZP;0;240508;101716;154.57;10
GAZP;0;240508;101716;154.58;20
GAZP;0;240508;101716;154.59;20
GAZP;0;240508;101716;154.59;10
GAZP;0;240508;101717;154.59;50
GAZP;0;240508;101717;154.6;10
GAZP;0;240508;101719;154.6;20
GAZP;0;240508;101721;154.6;10
GAZP;0;240508;101721;154.6;10
GAZP;0;240508;101721;154.6;100
GAZP;0;240508;101721;154.6;380
GAZP;0;240508;101721;154.6;10
GAZP;0;240508;101724;154.6;10
GAZP;0;240508;101725;154.6;10
GAZP;0;240508;101726;154.6;550
GAZP;0;240508;101727;154.6;480
GAZP;0;240508;101727;154.59;10
GAZP;0;240508;101727;154.6;10
GAZP;0;240508;101727;154.6;10
GAZP;0;240508;101728;154.59;1000
GAZP;0;240508;101729;154.59;1000
GAZP;0;240508;101729;154.59;10
GAZP;0;240508;101730;154.59;10
GAZP;0;240508;101730;154.58;10
GAZP;0;240508;101730;154.59;980
GAZP;0;240508;101730;154.59;60
GAZP;0;240508;101730;154.6;1460
GAZP;0;240508;101731;154.59;10
GAZP;0;240508;101732;154.6;20
GAZP;0;240508;101733;154.59;860
GAZP;0;240508;101733;154.59;1000
GAZP;0;240508;101733;154.6;140
GAZP;0;240508;101733;154.59;860
GAZP;0;240508;101733;154.6;10
GAZP;0;240508;101734;154.6;460
GAZP;0;240508;101737;154.59;1500
GAZP;0;240508;101737;154.59;20
GAZP;0;240508;101737;154.59;180
GAZP;0;240508;101737;154.6;10
GAZP;0;240508;101738;154.59;50
GAZP;0;240508;101738;154.6;100
GAZP;0;240508;101739;154.6;40
GAZP;0;240508;101740;154.6;1700
GAZP;0;240508;101740;154.6;150
GAZP;0;240508;101740;154.6;10
GAZP;0;240508;101740;154.6;10
GAZP;0;240508;101740;154.62;250
GAZP;0;240508;101740;154.62;50
GAZP;0;240508;101740;154.62;860
GAZP;0;240508;101740;154.62;440
GAZP;0;240508;101740;154.63;10
GAZP;0;240508;101742;154.64;10
GAZP;0;240508;101744;154.65;650
GAZP;0;240508;101746;154.65;2000
GAZP;0;240508;101749;154.63;10
GAZP;0;240508;101750;154.63;100
GAZP;0;240508;101751;154.65;10
GAZP;0;240508;101752;154.65;100
GAZP;0;240508;101753;154.64;10
GAZP;0;240508;101753;154.63;890
GAZP;0;240508;101753;154.63;10
GAZP;0;240508;101753;154.62;4090
GAZP;0;240508;101753;154.63;10
GAZP;0;240508;101753;154.63;110
GAZP;0;240508;101756;154.65;5000
GAZP;0;240508;101800;154.65;10
GAZP;0;240508;101800;154.65;10
GAZP;0;240508;101801;154.65;10
GAZP;0;240508;101801;154.65;10
GAZP;0;240508;101801;154.65;50
GAZP;0;240508;101801;154.63;20
GAZP;0;240508;101801;154.65;20
GAZP;0;240508;101802;154.65;20
GAZP;0;240508;101803;154.65;20
GAZP;0;240508;101803;154.63;100
GAZP;0;240508;101803;154.65;10
GAZP;0;240508;101803;154.65;330
GAZP;0;240508;101803;154.65;10
GAZP;0;240508;101803;154.65;250
GAZP;0;240508;101803;154.65;1410
GAZP;0;240508;101806;154.65;470
GAZP;0;240508;101806;154.66;250
GAZP;0;240508;101806;154.66;280
GAZP;0;240508;101807;154.63;40
GAZP;0;240508;101807;154.65;10
GAZP;0;240508;101808;154.66;250
GAZP;0;240508;101808;154.66;250
GAZP;0;240508;101808;154.67;360
GAZP;0;240508;101808;154.67;140
GAZP;0;240508;101808;154.66;250
GAZP;0;240508;101808;154.67;100
GAZP;0;240508;101809;154.67;10
GAZP;0;240508;101809;154.65;1000
GAZP;0;240508;101809;154.64;440
GAZP;0;240508;101809;154.64;100
GAZP;0;240508;101809;154.64;60
GAZP;0;240508;101810;154.64;3390
GAZP;0;240508;101810;154.64;1000
GAZP;0;240508;101810;154.65;440
GAZP;0;240508;101810;154.66;300
GAZP;0;240508;101810;154.67;20
GAZP;0;240508;101810;154.67;100
GAZP;0;240508;101810;154.67;250
GAZP;0;240508;101810;154.67;5000
GAZP;0;240508;101810;154.67;470
GAZP;0;240508;101810;154.67;630
GAZP;0;240508;101810;154.68;9460
GAZP;0;240508;101810;154.68;100
GAZP;0;240508;101810;154.68;20
GAZP;0;240508;101810;154.68;40
GAZP;0;240508;101810;154.68;250
GAZP;0;240508;101810;154.68;960
GAZP;0;240508;101810;154.68;10
GAZP;0;240508;101810;154.69;1000
GAZP;0;240508;101810;154.69;10000
GAZP;0;240508;101810;154.69;20
GAZP;0;240508;101810;154.69;250
GAZP;0;240508;101810;154.69;500
GAZP;0;240508;101810;154.69;1000
GAZP;0;240508;101810;154.69;50
GAZP;0;240508;101810;154.69;570
GAZP;0;240508;101810;154.69;2170
GAZP;0;240508;101812;154.67;80
GAZP;0;240508;101812;154.66;20
GAZP;0;240508;101813;154.64;10
GAZP;0;240508;101813;154.66;10
GAZP;0;240508;101814;154.66;1000
GAZP;0;240508;101816;154.67;90
GAZP;0;240508;101816;154.67;910
GAZP;0;240508;101816;154.67;70
GAZP;0;240508;101816;154.68;250
GAZP;0;240508;101816;154.68;430
GAZP;0;240508;101816;154.68;300
GAZP;0;240508;101816;154.69;250
GAZP;0;240508;101816;154.69;5000
GAZP;0;240508;101816;154.69;630
GAZP;0;240508;101816;154.69;210
GAZP;0;240508;101816;154.69;2000
GAZP;0;240508;101816;154.7;930
GAZP;0;240508;101816;154.7;20000
GAZP;0;240508;101816;154.7;200
GAZP;0;240508;101816;154.7;10
GAZP;0;240508;101816;154.7;10
GAZP;0;240508;101816;154.7;1000
GAZP;0;240508;101816;154.7;100
GAZP;0;240508;101816;154.7;10
GAZP;0;240508;101816;154.7;100
GAZP;0;240508;101816;154.7;3490
GAZP;0;240508;101816;154.66;10
GAZP;0;240508;101817;154.69;100
GAZP;0;240508;101817;154.69;100
GAZP;0;240508;101817;154.69;1000
GAZP;0;240508;101817;154.7;120
GAZP;0;240508;101817;154.68;100
GAZP;0;240508;101817;154.7;120
GAZP;0;240508;101817;154.7;100
GAZP;0;240508;101817;154.7;10
GAZP;0;240508;101818;154.7;20
GAZP;0;240508;101818;154.7;120
GAZP;0;240508;101818;154.7;120
GAZP;0;240508;101819;154.7;50
GAZP;0;240508;101819;154.7;50
GAZP;0;240508;101820;154.69;140
GAZP;0;240508;101820;154.69;300
GAZP;0;240508;101820;154.68;150
GAZP;0;240508;101820;154.69;10
GAZP;0;240508;101820;154.69;50
GAZP;0;240508;101820;154.7;10
GAZP;0;240508;101822;154.7;15000
GAZP;0;240508;101822;154.7;10
GAZP;0;240508;101824;154.7;800
GAZP;0;240508;101824;154.7;100
GAZP;0;240508;101825;154.7;30
GAZP;0;240508;101825;154.7;10
GAZP;0;240508;101826;154.69;10
GAZP;0;240508;101826;154.69;10
GAZP;0;240508;101827;154.7;40
GAZP;0;240508;101827;154.7;20
GAZP;0;240508;101829;154.7;10
GAZP;0;240508;101829;154.69;980
GAZP;0;240508;101829;154.69;50
GAZP;0;240508;101829;154.69;650
GAZP;0;240508;101829;154.69;50
GAZP;0;240508;101830;154.66;10
GAZP;0;240508;101830;154.68;20
GAZP;0;240508;101831;154.68;5000
GAZP;0;240508;101831;154.69;1270
GAZP;0;240508;101831;154.69;90
GAZP;0;240508;101831;154.69;640
GAZP;0;240508;101831;154.69;790
GAZP;0;240508;101832;154.67;70
GAZP;0;240508;101832;154.67;60
GAZP;0;240508;101832;154.69;10
GAZP;0;240508;101833;154.67;20
GAZP;0;240508;101834;154.69;10
GAZP;0;240508;101836;154.69;10
GAZP;0;240508;101836;154.69;100
GAZP;0;240508;101837;154.67;10
GAZP;0;240508;101837;154.68;1500
GAZP;0;240508;101837;154.69;3130
GAZP;0;240508;101837;154.69;630
GAZP;0;240508;101837;154.69;500
GAZP;0;240508;101837;154.69;10
GAZP;0;240508;101837;154.69;500
GAZP;0;240508;101837;154.69;690
GAZP;0;240508;101837;154.69;5000
GAZP;0;240508;101837;154.7;2740
GAZP;0;240508;101837;154.7;1180
GAZP;0;240508;101837;154.7;100
GAZP;0;240508;101837;154.7;100
GAZP;0;240508;101837;154.7;10
GAZP;0;240508;101837;154.7;10
GAZP;0;240508;101838;154.69;50
GAZP;0;240508;101838;154.69;950
GAZP;0;240508;101838;154.69;800
GAZP;0;240508;101839;154.69;10
GAZP;0;240508;101839;154.69;20
GAZP;0;240508;101841;154.68;10
GAZP;0;240508;101842;154.67;10
GAZP;0;240508;101842;154.66;50
GAZP;0;240508;101842;154.66;90
GAZP;0;240508;101842;154.68;990
GAZP;0;240508;101842;154.69;300
GAZP;0;240508;101842;154.69;1000
GAZP;0;240508;101842;154.69;10
GAZP;0;240508;101842;154.69;10
GAZP;0;240508;101843;154.69;20
GAZP;0;240508;101845;154.69;10
GAZP;0;240508;101845;154.68;10
GAZP;0;240508;101845;154.68;90
GAZP;0;240508;101846;154.69;10
GAZP;0;240508;101847;154.69;10
GAZP;0;240508;101847;154.69;100
GAZP;0;240508;101847;154.69;10
GAZP;0;240508;101847;154.69;10
GAZP;0;240508;101850;154.69;1730
GAZP;0;240508;101850;154.69;10
GAZP;0;240508;101850;154.7;117480
GAZP;0;240508;101850;154.7;3150
GAZP;0;240508;101850;154.7;10
GAZP;0;240508;101850;154.7;250
GAZP;0;240508;101850;154.7;10
GAZP;0;240508;101850;154.7;10
GAZP;0;240508;101850;154.7;10
GAZP;0;240508;101850;154.7;10
GAZP;0;240508;101850;154.7;30
GAZP;0;240508;101851;154.72;2000
GAZP;0;240508;101851;154.72;6500
GAZP;0;240508;101851;154.72;100
GAZP;0;240508;101852;154.72;20
GAZP;0;240508;101852;154.72;20
GAZP;0;240508;101853;154.72;300
GAZP;0;240508;101854;154.71;300
GAZP;0;240508;101854;154.71;700
GAZP;0;240508;101854;154.72;20
GAZP;0;240508;101856;154.72;10
GAZP;0;240508;101857;154.72;1000
GAZP;0;240508;101857;154.71;20
GAZP;0;240508;101857;154.72;10
GAZP;0;240508;101857;154.72;10
GAZP;0;240508;101858;154.72;50
GAZP;0;240508;101858;154.72;50
GAZP;0;240508;101859;154.72;10
GAZP;0;240508;101900;154.72;20
GAZP;0;240508;101900;154.71;10
GAZP;0;240508;101900;154.71;50
GAZP;0;240508;101900;154.72;90
GAZP;0;240508;101901;154.72;10
GAZP;0;240508;101901;154.72;100
GAZP;0;240508;101902;154.72;10
GAZP;0;240508;101902;154.72;10
GAZP;0;240508;101903;154.72;2000
GAZP;0;240508;101903;154.72;30
GAZP;0;240508;101903;154.72;1000
GAZP;0;240508;101903;154.71;20
GAZP;0;240508;101903;154.71;1500
GAZP;0;240508;101903;154.71;1000
GAZP;0;240508;101903;154.71;890
GAZP;0;240508;101903;154.71;300
GAZP;0;240508;101904;154.71;100
GAZP;0;240508;101905;154.7;10
GAZP;0;240508;101907;154.71;10
GAZP;0;240508;101907;154.71;10
GAZP;0;240508;101912;154.71;20
GAZP;0;240508;101912;154.71;20
GAZP;0;240508;101913;154.71;10
GAZP;0;240508;101913;154.71;200
GAZP;0;240508;101913;154.7;10
GAZP;0;240508;101914;154.71;1000
GAZP;0;240508;101915;154.7;10
GAZP;0;240508;101915;154.71;100
GAZP;0;240508;101917;154.7;700
GAZP;0;240508;101917;154.7;300
GAZP;0;240508;101917;154.7;980
GAZP;0;240508;101917;154.71;10
GAZP;0;240508;101919;154.71;1000
GAZP;0;240508;101920;154.71;40
GAZP;0;240508;101920;154.7;100
GAZP;0;240508;101920;154.7;100
GAZP;0;240508;101920;154.7;100
GAZP;0;240508;101920;154.7;300
GAZP;0;240508;101920;154.7;2000
GAZP;0;240508;101920;154.7;310
GAZP;0;240508;101920;154.7;10
GAZP;0;240508;101921;154.7;10
GAZP;0;240508;101921;154.7;40
GAZP;0;240508;101921;154.7;1000
GAZP;0;240508;101921;154.7;170
GAZP;0;240508;101922;154.7;10
GAZP;0;240508;101922;154.7;10
GAZP;0;240508;101923;154.69;50
GAZP;0;240508;101923;154.69;100
GAZP;0;240508;101923;154.69;50
GAZP;0;240508;101925;154.68;130
GAZP;0;240508;101925;154.69;100
GAZP;0;240508;101925;154.69;100
GAZP;0;240508;101926;154.68;50
GAZP;0;240508;101926;154.69;970
GAZP;0;240508;101926;154.69;630
GAZP;0;240508;101926;154.69;870
GAZP;0;240508;101926;154.69;1000
GAZP;0;240508;101926;154.69;1500
GAZP;0;240508;101926;154.7;840
GAZP;0;240508;101926;154.7;1000
GAZP;0;240508;101926;154.7;1500
GAZP;0;240508;101926;154.7;1630
GAZP;0;240508;101926;154.7;10
GAZP;0;240508;101926;154.7;240
GAZP;0;240508;101926;154.7;300
GAZP;0;240508;101926;154.7;10
GAZP;0;240508;101926;154.71;480
GAZP;0;240508;101927;154.68;10
GAZP;0;240508;101927;154.69;10
GAZP;0;240508;101930;154.69;10
GAZP;0;240508;101930;154.69;100
GAZP;0;240508;101931;154.69;880
GAZP;0;240508;101931;154.69;630
GAZP;0;240508;101931;154.69;800
GAZP;0;240508;101931;154.69;270
GAZP;0;240508;101931;154.69;70
GAZP;0;240508;101931;154.69;630
GAZP;0;240508;101931;154.69;1000
GAZP;0;240508;101931;154.7;1610
GAZP;0;240508;101931;154.7;50
GAZP;0;240508;101931;154.7;1000
GAZP;0;240508;101931;154.7;630
GAZP;0;240508;101931;154.71;20
GAZP;0;240508;101931;154.71;100
GAZP;0;240508;101931;154.71;100
GAZP;0;240508;101931;154.71;100
GAZP;0;240508;101931;154.71;100
GAZP;0;240508;101931;154.71;100
GAZP;0;240508;101931;154.71;100
GAZP;0;240508;101932;154.7;1590
GAZP;0;240508;101932;154.7;860
GAZP;0;240508;101932;154.7;100
GAZP;0;240508;101932;154.7;450
GAZP;0;240508;101932;154.71;20
GAZP;0;240508;101932;154.71;20
GAZP;0;240508;101934;154.7;550
GAZP;0;240508;101934;154.7;1880
GAZP;0;240508;101934;154.7;1450
GAZP;0;240508;101934;154.7;13970
GAZP;0;240508;101934;154.7;570
GAZP;0;240508;101934;154.7;540
GAZP;0;240508;101934;154.7;1040
GAZP;0;240508;101934;154.71;2630
GAZP;0;240508;101934;154.71;10
GAZP;0;240508;101934;154.71;10
GAZP;0;240508;101934;154.71;1000
GAZP;0;240508;101934;154.71;10
GAZP;0;240508;101934;154.71;10
GAZP;0;240508;101934;154.71;10
GAZP;0;240508;101934;154.71;10
GAZP;0;240508;101934;154.71;50
GAZP;0;240508;101934;154.71;300
GAZP;0;240508;101934;154.71;1000
GAZP;0;240508;101934;154.72;24960
GAZP;0;240508;101934;154.72;2420
GAZP;0;240508;101934;154.72;100
GAZP;0;240508;101935;154.71;1000
GAZP;0;240508;101935;154.72;50
GAZP;0;240508;101935;154.72;16700
GAZP;0;240508;101935;154.72;10
GAZP;0;240508;101935;154.72;500
GAZP;0;240508;101935;154.72;10
GAZP;0;240508;101937;154.72;10
GAZP;0;240508;101937;154.72;10
GAZP;0;240508;101937;154.72;10
GAZP;0;240508;101937;154.72;10
GAZP;0;240508;101939;154.71;170
GAZP;0;240508;101940;154.71;10
GAZP;0;240508;101940;154.72;100
GAZP;0;240508;101940;154.72;500
GAZP;0;240508;101940;154.72;10
GAZP;0;240508;101941;154.72;20
GAZP;0;240508;101941;154.72;10
GAZP;0;240508;101942;154.72;10
GAZP;0;240508;101942;154.72;10
GAZP;0;240508;101942;154.72;10
GAZP;0;240508;101943;154.72;10
GAZP;0;240508;101944;154.72;10
GAZP;0;240508;101944;154.72;3950
GAZP;0;240508;101944;154.72;10
GAZP;0;240508;101944;154.72;20000
GAZP;0;240508;101944;154.72;100
GAZP;0;240508;101945;154.72;50
GAZP;0;240508;101945;154.72;100
GAZP;0;240508;101945;154.72;10000
GAZP;0;240508;101945;154.72;10
GAZP;0;240508;101945;154.72;100
GAZP;0;240508;101945;154.72;100
GAZP;0;240508;101945;154.72;100
GAZP;0;240508;101945;154.72;100
GAZP;0;240508;101945;154.72;100
GAZP;0;240508;101945;154.72;800
GAZP;0;240508;101945;154.72;100
GAZP;0;240508;101945;154.72;500
GAZP;0;240508;101945;154.72;500
GAZP;0;240508;101945;154.72;700
GAZP;0;240508;101945;154.72;300
GAZP;0;240508;101946;154.72;300
GAZP;0;240508;101946;154.72;700
GAZP;0;240508;101946;154.72;300
GAZP;0;240508;101946;154.72;700
GAZP;0;240508;101946;154.72;1920
GAZP;0;240508;101946;154.72;300
GAZP;0;240508;101946;154.72;300
GAZP;0;240508;101946;154.72;17010
GAZP;0;240508;101946;154.72;20
GAZP;0;240508;101946;154.72;620
GAZP;0;240508;101946;154.72;10
GAZP;0;240508;101946;154.72;2000
GAZP;0;240508;101946;154.73;520
GAZP;0;240508;101946;154.72;100
GAZP;0;240508;101946;154.72;200
GAZP;0;240508;101947;154.73;50
GAZP;0;240508;101947;154.73;10
GAZP;0;240508;101947;154.73;10
GAZP;0;240508;101950;154.72;40
GAZP;0;240508;101950;154.72;300
GAZP;0;240508;101950;154.72;630
GAZP;0;240508;101950;154.72;1500
GAZP;0;240508;101950;154.72;800
GAZP;0;240508;101950;154.72;1000
GAZP;0;240508;101950;154.72;560
GAZP;0;240508;101950;154.72;1170
GAZP;0;240508;101950;154.72;1630
GAZP;0;240508;101950;154.72;2030
GAZP;0;240508;101951;154.72;3300
GAZP;0;240508;101951;154.72;10
GAZP;0;240508;101951;154.71;30
GAZP;0;240508;101951;154.72;10
GAZP;0;240508;101952;154.72;1500
GAZP;0;240508;101952;154.72;10
GAZP;0;240508;101952;154.72;10
GAZP;0;240508;101953;154.72;1000
GAZP;0;240508;101955;154.72;10
GAZP;0;240508;101955;154.72;10
GAZP;0;240508;101955;154.72;10
GAZP;0;240508;101955;154.72;10
GAZP;0;240508;101956;154.72;10
GAZP;0;240508;101956;154.72;10
GAZP;0;240508;101956;154.72;40
GAZP;0;240508;101957;154.72;10
GAZP;0;240508;101957;154.72;10
GAZP;0;240508;101957;154.72;20
GAZP;0;240508;101957;154.72;20
GAZP;0;240508;101958;154.72;10
GAZP;0;240508;101958;154.72;10
GAZP;0;240508;101959;154.71;360
GAZP;0;240508;101959;154.72;10
GAZP;0;240508;101959;154.72;20
GAZP;0;240508;101959;154.72;20
GAZP;0;240508;102000;154.72;10
GAZP;0;240508;102000;154.72;10
GAZP;0;240508;102000;154.72;40
GAZP;0;240508;102001;154.72;10
GAZP;0;240508;102001;154.72;10
GAZP;0;240508;102001;154.72;10
GAZP;0;240508;102002;154.72;10
GAZP;0;240508;102002;154.72;10
GAZP;0;240508;102002;154.72;10
GAZP;0;240508;102003;154.72;10
GAZP;0;240508;102003;154.71;50
GAZP;0;240508;102003;154.71;10
GAZP;0;240508;102004;154.72;10
GAZP;0;240508;102004;154.72;10
GAZP;0;240508;102005;154.72;10
GAZP;0;240508;102005;154.72;450
GAZP;0;240508;102006;154.72;10
GAZP;0;240508;102007;154.72;20
GAZP;0;240508;102007;154.72;10
GAZP;0;240508;102007;154.72;20
GAZP;0;240508;102008;154.72;2500
GAZP;0;240508;102008;154.72;10
GAZP;0;240508;102009;154.72;10
GAZP;0;240508;102010;154.72;40
GAZP;0;240508;102010;154.71;1040
GAZP;0;240508;102010;154.71;960
GAZP;0;240508;102011;154.71;40
GAZP;0;240508;102011;154.71;100
GAZP;0;240508;102011;154.71;10
GAZP;0;240508;102011;154.71;50
GAZP;0;240508;102011;154.71;250
GAZP;0;240508;102011;154.71;300
GAZP;0;240508;102011;154.71;630
GAZP;0;240508;102011;154.71;2030
GAZP;0;240508;102011;154.71;300
GAZP;0;240508;102011;154.71;10
GAZP;0;240508;102011;154.71;180
GAZP;0;240508;102011;154.71;10
GAZP;0;240508;102011;154.7;10
GAZP;0;240508;102012;154.7;260
GAZP;0;240508;102012;154.7;1130
GAZP;0;240508;102012;154.7;450
GAZP;0;240508;102012;154.7;490
GAZP;0;240508;102012;154.7;540
GAZP;0;240508;102012;154.7;2580
GAZP;0;240508;102012;154.7;3310
GAZP;0;240508;102012;154.7;3260
GAZP;0;240508;102012;154.7;1880
GAZP;0;240508;102012;154.7;1450
GAZP;0;240508;102012;154.7;1350
GAZP;0;240508;102012;154.7;850
GAZP;0;240508;102012;154.71;10
GAZP;0;240508;102012;154.71;10
GAZP;0;240508;102013;154.71;10
GAZP;0;240508;102014;154.7;800
GAZP;0;240508;102014;154.71;5000
GAZP;0;240508;102017;154.71;10
GAZP;0;240508;102017;154.7;40
GAZP;0;240508;102017;154.71;10
GAZP;0;240508;102017;154.71;10
GAZP;0;240508;102018;154.71;510
GAZP;0;240508;102018;154.71;100
GAZP;0;240508;102018;154.71;10
GAZP;0;240508;102019;154.71;30
GAZP;0;240508;102019;154.71;100
GAZP;0;240508;102019;154.71;10
GAZP;0;240508;102021;154.7;30
GAZP;0;240508;102022;154.71;10
GAZP;0;240508;102022;154.71;10
GAZP;0;240508;102022;154.71;10
GAZP;0;240508;102024;154.71;30
GAZP;0;240508;102025;154.7;60
GAZP;0;240508;102027;154.71;20
GAZP;0;240508;102027;154.71;20
GAZP;0;240508;102028;154.71;10
GAZP;0;240508;102030;154.7;10
GAZP;0;240508;102032;154.71;10
GAZP;0;240508;102032;154.71;10
GAZP;0;240508;102033;154.71;10
GAZP;0;240508;102033;154.71;30
GAZP;0;240508;102033;154.71;10
GAZP;0;240508;102037;154.71;10
GAZP;0;240508;102037;154.71;10
GAZP;0;240508;102038;154.71;70
GAZP;0;240508;102038;154.71;20
GAZP;0;240508;102038;154.71;100
GAZP;0;240508;102038;154.71;10
GAZP;0;240508;102040;154.71;30
GAZP;0;240508;102040;154.71;10
GAZP;0;240508;102041;154.71;10
GAZP;0;240508;102042;154.71;900
GAZP;0;240508;102042;154.71;40
GAZP;0;240508;102042;154.71;700
GAZP;0;240508;102042;154.71;160
GAZP;0;240508;102042;154.71;900
GAZP;0;240508;102042;154.71;10
GAZP;0;240508;102042;154.71;20
GAZP;0;240508;102042;154.71;10
GAZP;0;240508;102042;154.71;10
GAZP;0;240508;102046;154.7;10830
GAZP;0;240508;102046;154.7;570
GAZP;0;240508;102046;154.7;540
GAZP;0;240508;102046;154.7;1310
GAZP;0;240508;102046;154.7;1130
GAZP;0;240508;102046;154.7;450
GAZP;0;240508;102046;154.7;480
GAZP;0;240508;102046;154.7;90
GAZP;0;240508;102047;154.71;10
GAZP;0;240508;102047;154.71;10
GAZP;0;240508;102048;154.7;10
GAZP;0;240508;102048;154.71;20
GAZP;0;240508;102048;154.71;1610
GAZP;0;240508;102048;154.71;300
GAZP;0;240508;102048;154.71;840
GAZP;0;240508;102048;154.71;1170
GAZP;0;240508;102048;154.72;1040
GAZP;0;240508;102048;154.72;580
GAZP;0;240508;102048;154.72;200
GAZP;0;240508;102048;154.72;30
GAZP;0;240508;102048;154.72;50
GAZP;0;240508;102048;154.72;1260
GAZP;0;240508;102048;154.72;100
GAZP;0;240508;102048;154.72;1000
GAZP;0;240508;102048;154.72;50
GAZP;0;240508;102048;154.72;300
GAZP;0;240508;102048;154.72;50
GAZP;0;240508;102048;154.73;410
GAZP;0;240508;102048;154.73;100
GAZP;0;240508;102048;154.73;20
GAZP;0;240508;102048;154.73;100
GAZP;0;240508;102048;154.73;100
GAZP;0;240508;102048;154.73;100
GAZP;0;240508;102048;154.73;1000
GAZP;0;240508;102048;154.73;100
GAZP;0;240508;102048;154.73;200
GAZP;0;240508;102048;154.74;530
GAZP;0;240508;102048;154.74;50
GAZP;0;240508;102048;154.74;2000
GAZP;0;240508;102048;154.74;30
GAZP;0;240508;102048;154.74;20
GAZP;0;240508;102048;154.74;20
GAZP;0;240508;102048;154.74;10
GAZP;0;240508;102048;154.74;1630
GAZP;0;240508;102048;154.72;50
GAZP;0;240508;102048;154.72;50
GAZP;0;240508;102048;154.72;50
GAZP;0;240508;102048;154.72;50
GAZP;0;240508;102048;154.72;50
GAZP;0;240508;102048;154.72;50
GAZP;0;240508;102048;154.72;50
GAZP;0;240508;102048;154.72;50
GAZP;0;240508;102052;154.72;20
GAZP;0;240508;102052;154.72;20
GAZP;0;240508;102053;154.72;10
GAZP;0;240508;102053;154.72;10
GAZP;0;240508;102054;154.71;1470
GAZP;0;240508;102054;154.71;630
GAZP;0;240508;102054;154.71;8270
GAZP;0;240508;102054;154.71;650
GAZP;0;240508;102054;154.7;440
GAZP;0;240508;102054;154.7;2580
GAZP;0;240508;102054;154.7;3310
GAZP;0;240508;102054;154.7;3260
GAZP;0;240508;102054;154.7;1880
GAZP;0;240508;102054;154.7;1450
GAZP;0;240508;102054;154.7;13960
GAZP;0;240508;102054;154.7;570
GAZP;0;240508;102054;154.7;540
GAZP;0;240508;102054;154.7;1310
GAZP;0;240508;102054;154.7;1130
GAZP;0;240508;102054;154.7;450
GAZP;0;240508;102054;154.7;480
GAZP;0;240508;102054;154.7;540
GAZP;0;240508;102054;154.7;2570
GAZP;0;240508;102054;154.7;3310
GAZP;0;240508;102054;154.7;3260
GAZP;0;240508;102054;154.7;1880
GAZP;0;240508;102054;154.7;1440
GAZP;0;240508;102054;154.7;13960
GAZP;0;240508;102054;154.7;560
GAZP;0;240508;102054;154.7;540
GAZP;0;240508;102054;154.7;1300
GAZP;0;240508;102054;154.7;1130
GAZP;0;240508;102054;154.7;440
GAZP;0;240508;102054;154.7;480
GAZP;0;240508;102054;154.7;530
GAZP;0;240508;102054;154.7;2570
GAZP;0;240508;102054;154.7;3310
GAZP;0;240508;102054;154.7;3260
GAZP;0;240508;102054;154.7;1870
GAZP;0;240508;102054;154.7;1440
GAZP;0;240508;102054;154.7;3230
GAZP;0;240508;102054;154.71;10
GAZP;0;240508;102055;154.71;10
GAZP;0;240508;102055;154.7;10130
GAZP;0;240508;102056;154.7;600
GAZP;0;240508;102056;154.7;560
GAZP;0;240508;102056;154.7;540
GAZP;0;240508;102056;154.7;220
GAZP;0;240508;102056;154.71;280
GAZP;0;240508;102056;154.71;220
GAZP;0;240508;102057;154.71;300
GAZP;0;240508;102057;154.71;10
GAZP;0;240508;102057;154.71;10
GAZP;0;240508;102058;154.7;50
GAZP;0;240508;102101;154.71;10
GAZP;0;240508;102101;154.71;100
GAZP;0;240508;102101;154.71;100
GAZP;0;240508;102101;154.71;10
GAZP;0;240508;102102;154.71;10
GAZP;0;240508;102102;154.71;10
GAZP;0;240508;102102;154.71;10
GAZP;0;240508;102104;154.7;1030
GAZP;0;240508;102104;154.7;1130
GAZP;0;240508;102104;154.7;440
GAZP;0;240508;102104;154.7;480
GAZP;0;240508;102104;154.7;530
GAZP;0;240508;102104;154.7;40
GAZP;0;240508;102104;154.7;100
GAZP;0;240508;102104;154.7;100
GAZP;0;240508;102104;154.7;10
GAZP;0;240508;102104;154.7;10
GAZP;0;240508;102104;154.7;30
GAZP;0;240508;102105;154.7;20
GAZP;0;240508;102105;154.7;10
GAZP;0;240508;102106;154.7;10
GAZP;0;240508;102108;154.7;1460
GAZP;0;240508;102108;154.7;300
GAZP;0;240508;102108;154.7;240
GAZP;0;240508;102108;154.7;10
GAZP;0;240508;102108;154.7;10
GAZP;0;240508;102109;154.69;10
GAZP;0;240508;102109;154.68;10
GAZP;0;240508;102109;154.68;90
GAZP;0;240508;102109;154.68;10
GAZP;0;240508;102109;154.68;10
GAZP;0;240508;102109;154.67;140
GAZP;0;240508;102109;154.67;210
GAZP;0;240508;102109;154.66;40
GAZP;0;240508;102112;154.67;20
GAZP;0;240508;102114;154.67;970
GAZP;0;240508;102117;154.67;510
GAZP;0;240508;102117;154.67;800
GAZP;0;240508;102117;154.68;30
GAZP;0;240508;102117;154.68;10
GAZP;0;240508;102117;154.68;10
GAZP;0;240508;102120;154.68;60
GAZP;0;240508;102121;154.68;80
GAZP;0;240508;102122;154.69;100
GAZP;0;240508;102122;154.7;10
GAZP;0;240508;102122;154.7;10
GAZP;0;240508;102123;154.7;100
GAZP;0;240508;102124;154.69;10
GAZP;0;240508;102126;154.7;10
GAZP;0;240508;102126;154.69;40
GAZP;0;240508;102127;154.7;10
GAZP;0;240508;102127;154.7;10
GAZP;0;240508;102128;154.7;9850
GAZP;0;240508;102128;154.7;10
GAZP;0;240508;102128;154.7;100
GAZP;0;240508;102128;154.7;100
GAZP;0;240508;102128;154.7;130
GAZP;0;240508;102128;154.71;100
GAZP;0;240508;102129;154.71;10
GAZP;0;240508;102131;154.7;80
GAZP;0;240508;102132;154.71;10
GAZP;0;240508;102132;154.71;10
GAZP;0;240508;102134;154.7;10
GAZP;0;240508;102137;154.71;410
GAZP;0;240508;102137;154.71;590
GAZP;0;240508;102137;154.71;20
GAZP;0;240508;102137;154.71;20
GAZP;0;240508;102139;154.71;370
GAZP;0;240508;102139;154.71;40
GAZP;0;240508;102139;154.72;40
GAZP;0;240508;102139;154.72;20
GAZP;0;240508;102139;154.72;10
GAZP;0;240508;102139;154.72;10
GAZP;0;240508;102139;154.73;1420
GAZP;0;240508;102139;154.74;3900
GAZP;0;240508;102139;154.75;10
GAZP;0;240508;102139;154.75;1000
GAZP;0;240508;102139;154.75;100
GAZP;0;240508;102139;154.75;100
GAZP;0;240508;102139;154.75;12980
GAZP;0;240508;102139;154.75;100
GAZP;0;240508;102139;154.74;10
GAZP;0;240508;102139;154.74;10
GAZP;0;240508;102139;154.74;10
GAZP;0;240508;102139;154.74;10
GAZP;0;240508;102139;154.74;500
GAZP;0;240508;102141;154.75;10
GAZP;0;240508;102141;154.75;10
GAZP;0;240508;102141;154.74;10
GAZP;0;240508;102142;154.75;50
GAZP;0;240508;102142;154.75;10
GAZP;0;240508;102142;154.75;10
GAZP;0;240508;102143;154.74;20
GAZP;0;240508;102143;154.74;20
GAZP;0;240508;102147;154.74;610
GAZP;0;240508;102147;154.74;390
GAZP;0;240508;102147;154.75;100
GAZP;0;240508;102147;154.75;100
GAZP;0;240508;102147;154.75;500
GAZP;0;240508;102147;154.75;10
GAZP;0;240508;102147;154.75;10
GAZP;0;240508;102148;154.75;8690
GAZP;0;240508;102148;154.75;40
GAZP;0;240508;102149;154.74;20
GAZP;0;240508;102149;154.75;16700
GAZP;0;240508;102150;154.75;1140
GAZP;0;240508;102150;154.75;10
GAZP;0;240508;102150;154.75;10
GAZP;0;240508;102150;154.75;2000
GAZP;0;240508;102150;154.74;1090
GAZP;0;240508;102150;154.74;1000
GAZP;0;240508;102150;154.74;1170
GAZP;0;240508;102150;154.74;960
GAZP;0;240508;102150;154.74;1600
GAZP;0;240508;102150;154.74;630
GAZP;0;240508;102150;154.74;300
GAZP;0;240508;102150;154.74;10
GAZP;0;240508;102150;154.74;800
GAZP;0;240508;102150;154.74;20
GAZP;0;240508;102150;154.74;960
GAZP;0;240508;102152;154.74;10
GAZP;0;240508;102152;154.74;10
GAZP;0;240508;102153;154.74;10
GAZP;0;240508;102153;154.74;1430
GAZP;0;240508;102153;154.75;570
GAZP;0;240508;102157;154.75;1000
GAZP;0;240508;102157;154.75;20
GAZP;0;240508;102157;154.75;20
GAZP;0;240508;102202;154.75;10
GAZP;0;240508;102202;154.75;10
GAZP;0;240508;102203;154.74;300
GAZP;0;240508;102203;154.74;630
GAZP;0;240508;102203;154.74;1070
GAZP;0;240508;102205;154.75;690
GAZP;0;240508;102207;154.74;1000
GAZP;0;240508;102207;154.75;800
GAZP;0;240508;102207;154.75;10
GAZP;0;240508;102207;154.75;10
GAZP;0;240508;102209;154.75;10
GAZP;0;240508;102210;154.74;10
GAZP;0;240508;102210;154.75;10000
GAZP;0;240508;102211;154.75;10
GAZP;0;240508;102212;154.75;10
GAZP;0;240508;102212;154.75;10
GAZP;0;240508;102213;154.75;10
GAZP;0;240508;102215;154.75;450
GAZP;0;240508;102217;154.75;20
GAZP;0;240508;102219;154.75;100
GAZP;0;240508;102220;154.74;40
GAZP;0;240508;102220;154.74;10
GAZP;0;240508;102221;154.74;90
GAZP;0;240508;102221;154.75;510
GAZP;0;240508;102222;154.75;10
GAZP;0;240508;102223;154.74;10
GAZP;0;240508;102225;154.75;100
GAZP;0;240508;102225;154.75;50
GAZP;0;240508;102226;154.75;50
GAZP;0;240508;102227;154.74;520
GAZP;0;240508;102227;154.74;50
GAZP;0;240508;102227;154.74;10
GAZP;0;240508;102227;154.73;20
GAZP;0;240508;102227;154.73;800
GAZP;0;240508;102228;154.73;10
GAZP;0;240508;102229;154.73;100
GAZP;0;240508;102229;154.73;20
GAZP;0;240508;102229;154.73;10
GAZP;0;240508;102229;154.73;10
GAZP;0;240508;102229;154.73;130
GAZP;0;240508;102231;154.73;670
GAZP;0;240508;102231;154.73;330
GAZP;0;240508;102231;154.74;1000
GAZP;0;240508;102231;154.74;610
GAZP;0;240508;102232;154.75;550
GAZP;0;240508;102232;154.75;10
GAZP;0;240508;102232;154.75;10
GAZP;0;240508;102236;154.75;20
GAZP;0;240508;102236;154.74;10
GAZP;0;240508;102237;154.75;10
GAZP;0;240508;102237;154.75;10
GAZP;0;240508;102238;154.74;360
GAZP;0;240508;102238;154.74;140
GAZP;0;240508;102238;154.75;10
GAZP;0;240508;102240;154.74;110
GAZP;0;240508;102240;154.75;150
GAZP;0;240508;102240;154.74;50
GAZP;0;240508;102240;154.75;10
GAZP;0;240508;102241;154.74;330
GAZP;0;240508;102241;154.74;1740
GAZP;0;240508;102241;154.74;800
GAZP;0;240508;102241;154.74;650
GAZP;0;240508;102241;154.74;50
GAZP;0;240508;102242;154.74;20
GAZP;0;240508;102242;154.74;20
GAZP;0;240508;102244;154.74;100
GAZP;0;240508;102251;154.74;10
GAZP;0;240508;102251;154.73;10
GAZP;0;240508;102251;154.73;90
GAZP;0;240508;102253;154.74;20
GAZP;0;240508;102254;154.74;100
GAZP;0;240508;102255;154.74;870
GAZP;0;240508;102255;154.74;130
GAZP;0;240508;102258;154.74;10
GAZP;0;240508;102259;154.73;540
